2022-10-07 18:54:01.074247,-128,-127,128000,65535
2022-10-07 18:54:01.125449,-128,-120,130560,65535
2022-10-07 18:54:01.176514,-128,-112,130560,65535
2022-10-07 18:54:01.728293,-128,-104,130560,65535
2022-10-07 18:54:01.779452,-128,-96,130560,65535
2022-10-07 18:54:01.830728,-128,-88,130560,65535
2022-10-07 18:54:01.881900,-128,-80,130560,65535
2022-10-07 18:54:01.933185,-128,-72,130560,65535
2022-10-07 18:54:01.984383,-128,-64,179200,65535
2022-10-07 18:54:02.035505,-128,-56,261120,65535
2022-10-07 18:54:02.086612,-128,-48,261120,65535
2022-10-07 18:54:02.137803,-128,-40,261120,65535
2022-10-07 18:54:02.188959,-128,-32,261120,65535
2022-10-07 18:54:02.740894,-128,-24,261120,65535
2022-10-07 18:54:02.792078,-128,-16,258560,65535
2022-10-07 18:54:02.843265,-128,-8,258560,65535
2022-10-07 18:54:02.894549,-128,127,133120,65535
2022-10-07 18:54:02.945610,-128,120,133120,65535
2022-10-07 18:54:02.996750,-128,112,133120,65535
2022-10-07 18:54:03.047890,-128,104,133120,65535
2022-10-07 18:54:03.099039,-128,96,133120,65535
2022-10-07 18:54:03.150251,-128,88,133120,65535
2022-10-07 18:54:03.201443,-128,80,133120,65535
2022-10-07 18:54:03.753346,-128,72,135680,65535
2022-10-07 18:54:03.804628,-128,64,189440,65535
2022-10-07 18:54:03.855672,-128,56,261120,65535
2022-10-07 18:54:03.906810,-128,48,261120,65535
2022-10-07 18:54:03.958131,-128,40,261120,65535
2022-10-07 18:54:04.009322,-128,32,261120,65535
2022-10-07 18:54:04.060496,-128,24,256000,65535
2022-10-07 18:54:04.111620,-128,16,256000,65535
2022-10-07 18:54:04.162758,-128,8,256000,65535
2022-10-07 18:54:04.214013,-128,0,256000,65535
2022-10-07 18:54:04.765902,-120,-127,130560,65535
2022-10-07 18:54:04.817047,-120,-120,130560,65535
2022-10-07 18:54:04.868356,-120,-112,130560,65535
2022-10-07 18:54:04.919523,-120,-104,130560,65535
2022-10-07 18:54:04.970729,-120,-96,130560,65535
2022-10-07 18:54:05.021886,-120,-88,130560,65535
2022-10-07 18:54:05.073030,-120,-80,130560,65535
2022-10-07 18:54:05.124311,-120,-72,133120,65535
2022-10-07 18:54:05.175541,-120,-64,192000,65535
2022-10-07 18:54:05.226683,-120,-56,258560,65535
2022-10-07 18:54:05.778667,-120,-48,261120,65535
2022-10-07 18:54:05.829788,-120,-40,261120,65535
2022-10-07 18:54:05.881007,-120,-32,261120,65535
2022-10-07 18:54:05.932414,-120,-24,261120,65535
2022-10-07 18:54:05.983690,-120,-16,273920,65535
2022-10-07 18:54:06.034765,-120,-8,345600,65535
2022-10-07 18:54:06.086011,-120,127,130560,65535
2022-10-07 18:54:06.137285,-120,120,133120,65535
2022-10-07 18:54:06.188510,-120,112,133120,65535
2022-10-07 18:54:06.239669,-120,104,133120,65535
2022-10-07 18:54:06.791411,-120,96,133120,65535
2022-10-07 18:54:06.842605,-120,88,133120,65535
2022-10-07 18:54:06.893739,-120,80,133120,65535
2022-10-07 18:54:06.944815,-120,72,138240,65535
2022-10-07 18:54:06.995966,-120,64,199680,65535
2022-10-07 18:54:07.047137,-120,56,258560,65535
2022-10-07 18:54:07.098308,-120,48,261120,65535
2022-10-07 18:54:07.149486,-120,40,261120,65535
2022-10-07 18:54:07.200665,-120,32,261120,65535
2022-10-07 18:54:07.251766,-120,24,266240,65535
2022-10-07 18:54:07.803516,-120,16,304640,65535
2022-10-07 18:54:07.854714,-120,8,450560,65535
2022-10-07 18:54:07.905965,-120,0,509440,65535
2022-10-07 18:54:07.957136,-112,-127,128000,65535
2022-10-07 18:54:08.008347,-112,-120,130560,65535
2022-10-07 18:54:08.059508,-112,-112,130560,65535
2022-10-07 18:54:08.110703,-112,-104,130560,65535
2022-10-07 18:54:08.161813,-112,-96,130560,65535
2022-10-07 18:54:08.212843,-112,-88,130560,65535
2022-10-07 18:54:08.263978,-112,-80,130560,65535
2022-10-07 18:54:08.815746,-112,-72,130560,65535
2022-10-07 18:54:08.866875,-112,-64,184320,65535
2022-10-07 18:54:08.918087,-112,-56,261120,65535
2022-10-07 18:54:08.969231,-112,-48,261120,65535
2022-10-07 18:54:09.020385,-112,-40,261120,65535
2022-10-07 18:54:09.071535,-112,-32,261120,65535
2022-10-07 18:54:09.122743,-112,-24,266240,65535
2022-10-07 18:54:09.173845,-112,-16,309760,65535
2022-10-07 18:54:09.225028,-112,-8,519680,65535
2022-10-07 18:54:09.276195,-112,127,133120,65535
2022-10-07 18:54:09.828152,-112,120,133120,65535
2022-10-07 18:54:09.879426,-112,112,133120,65535
2022-10-07 18:54:09.930616,-112,104,133120,65535
2022-10-07 18:54:09.981804,-112,96,133120,65535
2022-10-07 18:54:10.032967,-112,88,133120,65535
2022-10-07 18:54:10.084135,-112,80,133120,65535
2022-10-07 18:54:10.135337,-112,72,135680,65535
2022-10-07 18:54:10.186517,-112,64,192000,65535
2022-10-07 18:54:10.237727,-112,56,261120,65535
2022-10-07 18:54:10.288968,-112,48,261120,65535
2022-10-07 18:54:10.840731,-112,40,261120,65535
2022-10-07 18:54:10.891917,-112,32,263680,65535
2022-10-07 18:54:10.942971,-112,24,279040,65535
2022-10-07 18:54:10.994139,-112,16,404480,65535
2022-10-07 18:54:11.045275,-112,8,1116160,65535
2022-10-07 18:54:11.096420,-112,0,1441280,65535
2022-10-07 18:54:11.147600,-104,-127,128000,65535
2022-10-07 18:54:11.198936,-104,-120,130560,65535
2022-10-07 18:54:11.250103,-104,-112,130560,65535
2022-10-07 18:54:11.301246,-104,-104,130560,65535
2022-10-07 18:54:11.853005,-104,-96,130560,65535
2022-10-07 18:54:11.904192,-104,-88,130560,65535
2022-10-07 18:54:11.955331,-104,-80,130560,65535
2022-10-07 18:54:12.006477,-104,-72,130560,65535
2022-10-07 18:54:12.057723,-104,-64,179200,65535
2022-10-07 18:54:12.108897,-104,-56,261120,65535
2022-10-07 18:54:12.159992,-104,-48,261120,65535
2022-10-07 18:54:12.211167,-104,-40,261120,65535
2022-10-07 18:54:12.262307,-104,-32,263680,65535
2022-10-07 18:54:12.313451,-104,-24,281600,65535
2022-10-07 18:54:12.865269,-104,-16,404480,65535
2022-10-07 18:54:12.916409,-104,-8,1075200,65535
2022-10-07 18:54:12.967542,-104,127,133120,65535
2022-10-07 18:54:13.018743,-104,120,133120,65535
2022-10-07 18:54:13.069930,-104,112,133120,65535
2022-10-07 18:54:13.121031,-104,104,133120,65535
2022-10-07 18:54:13.172200,-104,96,133120,65535
2022-10-07 18:54:13.223343,-104,88,133120,65535
2022-10-07 18:54:13.274489,-104,80,133120,65535
2022-10-07 18:54:13.325660,-104,72,135680,65535
2022-10-07 18:54:13.877493,-104,64,192000,65535
2022-10-07 18:54:13.928688,-104,56,258560,65535
2022-10-07 18:54:13.979898,-104,48,261120,65535
2022-10-07 18:54:14.031008,-104,40,261120,65535
2022-10-07 18:54:14.082097,-104,32,268800,65535
2022-10-07 18:54:14.133232,-104,24,322560,65535
2022-10-07 18:54:14.184352,-104,16,675840,65535
2022-10-07 18:54:14.235474,-104,8,3064320,65535
2022-10-07 18:54:14.286619,-104,0,5186560,65535
2022-10-07 18:54:14.337817,-96,-127,128000,65535
2022-10-07 18:54:14.889579,-96,-120,130560,65535
2022-10-07 18:54:14.940771,-96,-112,130560,65535
2022-10-07 18:54:14.991970,-96,-104,130560,65535
2022-10-07 18:54:15.043228,-96,-96,130560,65535
2022-10-07 18:54:15.094418,-96,-88,130560,65535
2022-10-07 18:54:15.145554,-96,-80,130560,65535
2022-10-07 18:54:15.196754,-96,-72,130560,65535
2022-10-07 18:54:15.247952,-96,-64,176640,65535
2022-10-07 18:54:15.299275,-96,-56,261120,65535
2022-10-07 18:54:15.350377,-96,-48,261120,65535
2022-10-07 18:54:15.902183,-96,-40,261120,65535
2022-10-07 18:54:15.953313,-96,-32,271360,65535
2022-10-07 18:54:16.004432,-96,-24,330240,65535
2022-10-07 18:54:16.055557,-96,-16,640000,65535
2022-10-07 18:54:16.106737,-96,-8,3084800,65535
2022-10-07 18:54:16.157935,-96,127,130560,65535
2022-10-07 18:54:16.209135,-96,120,133120,65535
2022-10-07 18:54:16.260209,-96,112,133120,65535
2022-10-07 18:54:16.311340,-96,104,133120,65535
2022-10-07 18:54:16.362585,-96,96,133120,65535
2022-10-07 18:54:16.914431,-96,88,133120,65535
2022-10-07 18:54:16.965600,-96,80,133120,65535
2022-10-07 18:54:17.016809,-96,72,135680,65535
2022-10-07 18:54:17.068011,-96,64,186880,65535
2022-10-07 18:54:17.119182,-96,56,261120,65535
2022-10-07 18:54:17.170431,-96,48,261120,65535
2022-10-07 18:54:17.221607,-96,40,263680,65535
2022-10-07 18:54:17.272856,-96,32,286720,65535
2022-10-07 18:54:17.324205,-96,24,422400,65535
2022-10-07 18:54:17.375292,-96,16,1576960,65535
2022-10-07 18:54:17.927274,-96,8,10408960,65535
2022-10-07 18:54:17.978392,-96,0,15142400,65535
2022-10-07 18:54:18.029622,-88,-127,128000,65535
2022-10-07 18:54:18.080770,-88,-120,130560,65535
2022-10-07 18:54:18.131980,-88,-112,130560,65535
2022-10-07 18:54:18.183183,-88,-104,130560,65535
2022-10-07 18:54:18.234390,-88,-96,130560,65535
2022-10-07 18:54:18.285630,-88,-88,130560,65535
2022-10-07 18:54:18.336786,-88,-80,130560,65535
2022-10-07 18:54:18.387966,-88,-72,130560,65535
2022-10-07 18:54:18.939726,-88,-64,179200,65535
2022-10-07 18:54:18.990907,-88,-56,258560,65535
2022-10-07 18:54:19.042116,-88,-48,261120,65535
2022-10-07 18:54:19.093266,-88,-40,263680,65535
2022-10-07 18:54:19.144325,-88,-32,294400,65535
2022-10-07 18:54:19.195441,-88,-24,442880,65535
2022-10-07 18:54:19.246541,-88,-16,1461760,65535
2022-10-07 18:54:19.297672,-88,-8,11860480,65535
2022-10-07 18:54:19.348837,-88,127,130560,65535
2022-10-07 18:54:19.400029,-88,120,133120,65535
2022-10-07 18:54:19.951958,-88,112,133120,65535
2022-10-07 18:54:20.003333,-88,104,133120,65535
2022-10-07 18:54:20.054392,-88,96,133120,65535
2022-10-07 18:54:20.105524,-88,88,133120,65535
2022-10-07 18:54:20.156775,-88,80,133120,65535
2022-10-07 18:54:20.207938,-88,72,135680,65535
2022-10-07 18:54:20.259156,-88,64,189440,65535
2022-10-07 18:54:20.310301,-88,56,261120,65535
2022-10-07 18:54:20.361356,-88,48,261120,65535
2022-10-07 18:54:20.412463,-88,40,268800,65535
2022-10-07 18:54:20.964225,-88,32,332800,65535
2022-10-07 18:54:21.015418,-88,24,704000,65535
2022-10-07 18:54:21.066511,-88,16,4884480,65535
2022-10-07 18:54:21.117633,-88,8,35243520,65535
2022-10-07 18:54:21.168910,-88,0,44103680,65535
2022-10-07 18:54:21.220121,-80,-127,130560,65535
2022-10-07 18:54:21.271309,-80,-120,130560,65535
2022-10-07 18:54:21.322799,-80,-112,130560,65535
2022-10-07 18:54:21.373966,-80,-104,130560,65535
2022-10-07 18:54:21.425186,-80,-96,130560,65535
2022-10-07 18:54:21.976923,-80,-88,130560,65535
2022-10-07 18:54:22.028258,-80,-80,130560,65535
2022-10-07 18:54:22.079444,-80,-72,130560,65535
2022-10-07 18:54:22.130625,-80,-64,181760,65535
2022-10-07 18:54:22.181751,-80,-56,258560,65535
2022-10-07 18:54:22.232983,-80,-48,261120,65535
2022-10-07 18:54:22.284320,-80,-40,268800,65535
2022-10-07 18:54:22.335570,-80,-32,355840,65535
2022-10-07 18:54:22.386504,-80,-24,696320,65535
2022-10-07 18:54:22.437627,-80,-16,4298240,65535
2022-10-07 18:54:22.989388,-80,-8,35256320,65535
2022-10-07 18:54:23.040490,-80,127,130560,65535
2022-10-07 18:54:23.091611,-80,120,133120,65535
2022-10-07 18:54:23.142749,-80,112,133120,65535
2022-10-07 18:54:23.193918,-80,104,133120,65535
2022-10-07 18:54:23.245124,-80,96,133120,65535
2022-10-07 18:54:23.296298,-80,88,133120,65535
2022-10-07 18:54:23.347437,-80,80,133120,65535
2022-10-07 18:54:23.398489,-80,72,135680,65535
2022-10-07 18:54:23.449601,-80,64,192000,65535
2022-10-07 18:54:24.001377,-80,56,258560,65535
2022-10-07 18:54:24.052490,-80,48,261120,65535
2022-10-07 18:54:24.103684,-80,40,284160,65535
2022-10-07 18:54:24.154817,-80,32,430080,65535
2022-10-07 18:54:24.205987,-80,24,1533440,65535
2022-10-07 18:54:24.257320,-80,16,18560000,65535
2022-10-07 18:54:24.408906,-80,8,93376000,65535
2022-10-07 18:54:25.061326,-80,0,118528000,65535
2022-10-07 18:54:25.112489,-72,-127,128000,65535
2022-10-07 18:54:25.163517,-72,-120,130560,65535
2022-10-07 18:54:25.214705,-72,-112,130560,65535
2022-10-07 18:54:25.265837,-72,-104,130560,65535
2022-10-07 18:54:25.316986,-72,-96,130560,65535
2022-10-07 18:54:25.368217,-72,-88,130560,65535
2022-10-07 18:54:25.419410,-72,-80,130560,65535
2022-10-07 18:54:25.470533,-72,-72,130560,65535
2022-10-07 18:54:25.521596,-72,-64,181760,65535
2022-10-07 18:54:26.073472,-72,-56,258560,65535
2022-10-07 18:54:26.124548,-72,-48,261120,65535
2022-10-07 18:54:26.175812,-72,-40,289280,65535
2022-10-07 18:54:26.227014,-72,-32,488960,65535
2022-10-07 18:54:26.278250,-72,-24,1579520,65535
2022-10-07 18:54:26.329439,-72,-16,15989760,65535
2022-10-07 18:54:26.480918,-72,-8,99402240,65535
2022-10-07 18:54:26.532252,-72,127,130560,65535
2022-10-07 18:54:27.084244,-72,120,133120,65535
2022-10-07 18:54:27.135558,-72,112,133120,65535
2022-10-07 18:54:27.186747,-72,104,133120,65535
2022-10-07 18:54:27.237895,-72,96,133120,65535
2022-10-07 18:54:27.289042,-72,88,133120,65535
2022-10-07 18:54:27.340236,-72,80,133120,65535
2022-10-07 18:54:27.391470,-72,72,135680,65535
2022-10-07 18:54:27.442694,-72,64,189440,65535
2022-10-07 18:54:27.493945,-72,56,258560,65535
2022-10-07 18:54:27.545121,-72,48,266240,65535
2022-10-07 18:54:28.097042,-72,40,312320,65535
2022-10-07 18:54:28.148240,-72,32,634880,65535
2022-10-07 18:54:28.199418,-72,24,4024320,65535
2022-10-07 18:54:28.250578,-72,16,50122240,65535
2022-10-07 18:54:28.401983,-72,8,167769600,42308
2022-10-07 18:54:28.553606,-72,0,167769600,28840
2022-10-07 18:54:29.105318,-64,-127,128000,65535
2022-10-07 18:54:29.156632,-64,-120,130560,65535
2022-10-07 18:54:29.207816,-64,-112,130560,65535
2022-10-07 18:54:29.258942,-64,-104,130560,65535
2022-10-07 18:54:29.310213,-64,-96,130560,65535
2022-10-07 18:54:29.361306,-64,-88,130560,65535
2022-10-07 18:54:29.412617,-64,-80,130560,65535
2022-10-07 18:54:29.463779,-64,-72,130560,65535
2022-10-07 18:54:29.515015,-64,-64,186880,65535
2022-10-07 18:54:29.566355,-64,-56,258560,65535
2022-10-07 18:54:30.118243,-64,-48,263680,65535
2022-10-07 18:54:30.169532,-64,-40,325120,65535
2022-10-07 18:54:30.220783,-64,-32,808960,65535
2022-10-07 18:54:30.272037,-64,-24,4554240,65535
2022-10-07 18:54:30.323357,-64,-16,47813120,65535
2022-10-07 18:54:30.475002,-64,-8,167769600,42544
2022-10-07 18:54:30.526179,-64,127,130560,65535
2022-10-07 18:54:30.577343,-64,120,133120,65535
2022-10-07 18:54:31.129160,-64,112,133120,65535
2022-10-07 18:54:31.180318,-64,104,133120,65535
2022-10-07 18:54:31.231481,-64,96,133120,65535
2022-10-07 18:54:31.282652,-64,88,133120,65535
2022-10-07 18:54:31.333794,-64,80,133120,65535
2022-10-07 18:54:31.384839,-64,72,135680,65535
2022-10-07 18:54:31.435970,-64,64,189440,65535
2022-10-07 18:54:31.487123,-64,56,261120,65535
2022-10-07 18:54:31.538277,-64,48,271360,65535
2022-10-07 18:54:31.589441,-64,40,376320,65535
2022-10-07 18:54:32.141404,-64,32,1213440,65535
2022-10-07 18:54:32.192704,-64,24,12920320,65535
2022-10-07 18:54:32.344292,-64,16,132298240,65535
2022-10-07 18:54:32.496020,-64,8,167769600,12811
2022-10-07 18:54:33.148292,-64,0,167769600,8509
2022-10-07 18:54:33.199461,-56,-127,128000,65535
2022-10-07 18:54:33.250641,-56,-120,130560,65535
2022-10-07 18:54:33.301801,-56,-112,130560,65535
2022-10-07 18:54:33.353352,-56,-104,130560,65535
2022-10-07 18:54:33.404513,-56,-96,130560,65535
2022-10-07 18:54:33.455715,-56,-88,130560,65535
2022-10-07 18:54:33.506843,-56,-80,130560,65535
2022-10-07 18:54:33.557904,-56,-72,130560,65535
2022-10-07 18:54:33.609040,-56,-64,194560,65535
2022-10-07 18:54:34.160859,-56,-56,258560,65535
2022-10-07 18:54:34.212164,-56,-48,276480,65535
2022-10-07 18:54:34.263398,-56,-40,422400,65535
2022-10-07 18:54:34.314629,-56,-32,1802240,65535
2022-10-07 18:54:34.365882,-56,-24,17433600,65535
2022-10-07 18:54:34.517321,-56,-16,135004160,65535
2022-10-07 18:54:35.169497,-56,-8,167769600,12801
2022-10-07 18:54:35.220827,-56,127,130560,65535
2022-10-07 18:54:35.272021,-56,120,133120,65535
2022-10-07 18:54:35.323254,-56,112,133120,65535
2022-10-07 18:54:35.374441,-56,104,133120,65535
2022-10-07 18:54:35.425597,-56,96,133120,65535
2022-10-07 18:54:35.476804,-56,88,133120,65535
2022-10-07 18:54:35.527958,-56,80,133120,65535
2022-10-07 18:54:35.579011,-56,72,135680,65535
2022-10-07 18:54:35.630169,-56,64,189440,65535
2022-10-07 18:54:36.182120,-56,56,261120,65535
2022-10-07 18:54:36.233134,-56,48,289280,65535
2022-10-07 18:54:36.284331,-56,40,488960,65535
2022-10-07 18:54:36.335506,-56,32,2890240,65535
2022-10-07 18:54:36.386706,-56,24,45706240,65535
2022-10-07 18:54:36.538350,-56,16,167769600,27812
2022-10-07 18:54:37.190644,-56,8,167769600,3409
2022-10-07 18:54:37.342200,-56,0,167769600,1989
2022-10-07 18:54:37.393468,-48,-127,128000,65535
2022-10-07 18:54:37.444656,-48,-120,130560,65535
2022-10-07 18:54:37.495834,-48,-112,130560,65535
2022-10-07 18:54:37.546985,-48,-104,130560,65535
2022-10-07 18:54:37.598085,-48,-96,130560,65535
2022-10-07 18:54:37.649339,-48,-88,130560,65535
2022-10-07 18:54:38.201348,-48,-80,130560,65535
2022-10-07 18:54:38.252476,-48,-72,130560,65535
2022-10-07 18:54:38.303728,-48,-64,192000,65535
2022-10-07 18:54:38.354928,-48,-56,258560,65535
2022-10-07 18:54:38.406090,-48,-48,299520,65535
2022-10-07 18:54:38.457171,-48,-40,588800,65535
2022-10-07 18:54:38.508401,-48,-32,5012480,65535
2022-10-07 18:54:38.559586,-48,-24,51988480,65535
2022-10-07 18:54:39.211898,-48,-16,167769600,29108
2022-10-07 18:54:39.363527,-48,-8,167769600,3980
2022-10-07 18:54:39.414778,-48,127,130560,65535
2022-10-07 18:54:39.466184,-48,120,133120,65535
2022-10-07 18:54:39.517253,-48,112,133120,65535
2022-10-07 18:54:39.568404,-48,104,133120,65535
2022-10-07 18:54:39.619626,-48,96,133120,65535
2022-10-07 18:54:39.670932,-48,88,133120,65535
2022-10-07 18:54:40.222703,-48,80,133120,65535
2022-10-07 18:54:40.273899,-48,72,135680,65535
2022-10-07 18:54:40.325100,-48,64,197120,65535
2022-10-07 18:54:40.376326,-48,56,261120,65535
2022-10-07 18:54:40.427446,-48,48,330240,65535
2022-10-07 18:54:40.478549,-48,40,727040,65535
2022-10-07 18:54:40.529751,-48,32,9792000,65535
2022-10-07 18:54:40.681283,-48,24,127500800,65535
2022-10-07 18:54:41.333422,-48,16,167769600,8626
2022-10-07 18:54:41.484956,-48,8,167769600,606
2022-10-07 18:54:41.636519,-48,0,167769600,455
2022-10-07 18:54:41.687818,-40,-127,128000,65535
2022-10-07 18:54:42.239784,-40,-120,130560,65535
2022-10-07 18:54:42.291109,-40,-112,130560,65535
2022-10-07 18:54:42.342268,-40,-104,130560,65535
2022-10-07 18:54:42.393409,-40,-96,130560,65535
2022-10-07 18:54:42.444507,-40,-88,130560,65535
2022-10-07 18:54:42.495740,-40,-80,130560,65535
2022-10-07 18:54:42.546992,-40,-72,133120,65535
2022-10-07 18:54:42.598245,-40,-64,184320,65535
2022-10-07 18:54:42.649324,-40,-56,263680,65535
2022-10-07 18:54:42.700446,-40,-48,332800,65535
2022-10-07 18:54:43.252212,-40,-40,885760,65535
2022-10-07 18:54:43.303332,-40,-32,17377280,65535
2022-10-07 18:54:43.454758,-40,-24,128936960,65535
2022-10-07 18:54:43.606359,-40,-16,167769600,9741
2022-10-07 18:54:44.258545,-40,-8,167769600,1014
2022-10-07 18:54:44.309768,-40,127,130560,65535
2022-10-07 18:54:44.360973,-40,120,133120,65535
2022-10-07 18:54:44.412206,-40,112,133120,65535
2022-10-07 18:54:44.463371,-40,104,133120,65535
2022-10-07 18:54:44.514401,-40,96,133120,65535
2022-10-07 18:54:44.565526,-40,88,133120,65535
2022-10-07 18:54:44.616658,-40,80,133120,65535
2022-10-07 18:54:44.667929,-40,72,135680,65535
2022-10-07 18:54:44.719264,-40,64,194560,65535
2022-10-07 18:54:45.271023,-40,56,268800,65535
2022-10-07 18:54:45.322253,-40,48,376320,65535
2022-10-07 18:54:45.373208,-40,40,1359360,65535
2022-10-07 18:54:45.424365,-40,32,28623360,65535
2022-10-07 18:54:45.575727,-40,24,167769600,32760
2022-10-07 18:54:45.727254,-40,16,167769600,2418
2022-10-07 18:54:46.379269,-40,8,167769600,203
2022-10-07 18:54:46.530814,-40,0,167769600,139
2022-10-07 18:54:46.581972,-32,-127,128000,65535
2022-10-07 18:54:46.633362,-32,-120,130560,65535
2022-10-07 18:54:46.684456,-32,-112,130560,65535
2022-10-07 18:54:46.735571,-32,-104,130560,65535
2022-10-07 18:54:47.288369,-32,-96,130560,65535
2022-10-07 18:54:47.339583,-32,-88,130560,65535
2022-10-07 18:54:47.390829,-32,-80,130560,65535
2022-10-07 18:54:47.442000,-32,-72,133120,65535
2022-10-07 18:54:47.493229,-32,-64,184320,65535
2022-10-07 18:54:47.544412,-32,-56,271360,65535
2022-10-07 18:54:47.595541,-32,-48,414720,65535
2022-10-07 18:54:47.646688,-32,-40,1779200,65535
2022-10-07 18:54:47.697890,-32,-32,49390080,65535
2022-10-07 18:54:48.350115,-32,-24,167769600,28593
2022-10-07 18:54:48.501654,-32,-16,167769600,2643
2022-10-07 18:54:48.653188,-32,-8,167769600,143
2022-10-07 18:54:48.704476,-32,127,130560,65535
2022-10-07 18:54:48.755694,-32,120,133120,65535
2022-10-07 18:54:48.806832,-32,112,133120,65535
2022-10-07 18:54:49.358606,-32,104,133120,65535
2022-10-07 18:54:49.409797,-32,96,133120,65535
2022-10-07 18:54:49.460934,-32,88,133120,65535
2022-10-07 18:54:49.512120,-32,80,133120,65535
2022-10-07 18:54:49.563314,-32,72,135680,65535
2022-10-07 18:54:49.614467,-32,64,197120,65535
2022-10-07 18:54:49.665563,-32,56,276480,65535
2022-10-07 18:54:49.716603,-32,48,453120,65535
2022-10-07 18:54:49.767737,-32,40,2841600,65535
2022-10-07 18:54:50.419881,-32,32,89807360,65535
2022-10-07 18:54:50.571429,-32,24,167769600,10134
2022-10-07 18:54:50.723104,-32,16,167769600,694
2022-10-07 18:54:50.874597,-32,8,167769600,42
2022-10-07 18:54:51.526679,-32,0,167769600,11
2022-10-07 18:54:51.577914,-24,-127,128000,65535
2022-10-07 18:54:51.629051,-24,-120,130560,65535
2022-10-07 18:54:51.680304,-24,-112,130560,65535
2022-10-07 18:54:51.731528,-24,-104,130560,65535
2022-10-07 18:54:51.782775,-24,-96,130560,65535
2022-10-07 18:54:51.834175,-24,-88,130560,65535
2022-10-07 18:54:51.885309,-24,-80,130560,65535
2022-10-07 18:54:52.437180,-24,-72,133120,65535
2022-10-07 18:54:52.488491,-24,-64,192000,65535
2022-10-07 18:54:52.539835,-24,-56,291840,65535
2022-10-07 18:54:52.590807,-24,-48,558080,65535
2022-10-07 18:54:52.642039,-24,-40,5608960,65535
2022-10-07 18:54:52.793522,-24,-32,155596800,65535
2022-10-07 18:54:53.445463,-24,-24,167769600,8939
2022-10-07 18:54:53.597053,-24,-16,167769600,537
2022-10-07 18:54:53.748547,-24,-8,167769600,15
2022-10-07 18:54:53.799561,-24,127,130560,65535
2022-10-07 18:54:53.850586,-24,120,133120,65535
2022-10-07 18:54:53.901585,-24,112,133120,65535
2022-10-07 18:54:54.453415,-24,104,133120,65535
2022-10-07 18:54:54.504599,-24,96,133120,65535
2022-10-07 18:54:54.555840,-24,88,133120,65535
2022-10-07 18:54:54.607002,-24,80,133120,65535
2022-10-07 18:54:54.658316,-24,72,135680,65535
2022-10-07 18:54:54.709530,-24,64,197120,65535
2022-10-07 18:54:54.760749,-24,56,302080,65535
2022-10-07 18:54:54.811893,-24,48,609280,65535
2022-10-07 18:54:54.863120,-24,40,8368640,65535
2022-10-07 18:54:55.515345,-24,32,167769600,45452
2022-10-07 18:54:55.666785,-24,24,167769600,2640
2022-10-07 18:54:55.818225,-24,16,167769600,78
2022-10-07 18:54:55.969675,-24,8,167769600,16
2022-10-07 18:54:56.621570,-24,0,167769600,0
2022-10-07 18:54:56.672422,-16,-127,128000,65535
2022-10-07 18:54:56.723327,-16,-120,130560,65535
2022-10-07 18:54:56.774478,-16,-112,130560,65535
2022-10-07 18:54:56.825536,-16,-104,130560,65535
2022-10-07 18:54:56.876731,-16,-96,130560,65535
2022-10-07 18:54:56.927703,-16,-88,130560,65535
2022-10-07 18:54:56.978709,-16,-80,130560,65535
2022-10-07 18:54:57.530542,-16,-72,133120,65535
2022-10-07 18:54:57.581769,-16,-64,186880,65535
2022-10-07 18:54:57.633101,-16,-56,307200,65535
2022-10-07 18:54:57.684050,-16,-48,778240,65535
2022-10-07 18:54:57.735248,-16,-40,18782720,65535
2022-10-07 18:54:57.886797,-16,-32,167769600,25946
2022-10-07 18:54:58.538944,-16,-24,167769600,2590
2022-10-07 18:54:58.690482,-16,-16,167769600,110
2022-10-07 18:54:58.842171,-16,-8,167769600,0
2022-10-07 18:54:58.893302,-16,127,130560,65535
2022-10-07 18:54:58.944453,-16,120,133120,65535
2022-10-07 18:54:58.995745,-16,112,133120,65535
2022-10-07 18:54:59.547639,-16,104,133120,65535
2022-10-07 18:54:59.598871,-16,96,133120,65535
2022-10-07 18:54:59.649988,-16,88,133120,65535
2022-10-07 18:54:59.701047,-16,80,133120,65535
2022-10-07 18:54:59.752289,-16,72,138240,65535
2022-10-07 18:54:59.803489,-16,64,202240,65535
2022-10-07 18:54:59.854644,-16,56,343040,65535
2022-10-07 18:54:59.905850,-16,48,939520,65535
2022-10-07 18:54:59.956999,-16,40,30899200,65535
2022-10-07 18:55:00.609002,-16,32,167769600,14382
2022-10-07 18:55:00.760461,-16,24,167769600,734
2022-10-07 18:55:00.911911,-16,16,167769600,54
2022-10-07 18:55:01.063384,-16,8,167769600,0
2022-10-07 18:55:01.715450,-16,0,167769600,0
2022-10-07 18:55:01.766622,-8,-127,128000,65535
2022-10-07 18:55:01.817877,-8,-120,130560,65535
2022-10-07 18:55:01.868826,-8,-112,130560,65535
2022-10-07 18:55:01.920192,-8,-104,130560,65535
2022-10-07 18:55:01.971208,-8,-96,130560,65535
2022-10-07 18:55:02.023045,-8,-88,130560,65535
2022-10-07 18:55:02.074202,-8,-80,130560,65535
2022-10-07 18:55:02.625922,-8,-72,133120,65535
2022-10-07 18:55:02.677052,-8,-64,189440,65535
2022-10-07 18:55:02.728319,-8,-56,348160,65535
2022-10-07 18:55:02.779547,-8,-48,1346560,65535
2022-10-07 18:55:02.830752,-8,-40,57425920,65535
2022-10-07 18:55:02.982278,-8,-32,167769600,8727
2022-10-07 18:55:03.634513,-8,-24,167769600,548
2022-10-07 18:55:03.786209,-8,-16,167769600,32
2022-10-07 18:55:03.937531,-8,-8,167769600,0
2022-10-07 18:55:03.988762,-8,127,130560,65535
2022-10-07 18:55:04.039941,-8,120,133120,65535
2022-10-07 18:55:04.091131,-8,112,133120,65535
2022-10-07 18:55:04.643051,-8,104,133120,65535
2022-10-07 18:55:04.694367,-8,96,133120,65535
2022-10-07 18:55:04.745530,-8,88,133120,65535
2022-10-07 18:55:04.796834,-8,80,133120,65535
2022-10-07 18:55:04.848035,-8,72,138240,65535
2022-10-07 18:55:04.899179,-8,64,202240,65535
2022-10-07 18:55:04.950406,-8,56,391680,65535
2022-10-07 18:55:05.001540,-8,48,1733120,65535
2022-10-07 18:55:05.653986,-8,40,94133760,65535
2022-10-07 18:55:05.805514,-8,32,167769600,4246
2022-10-07 18:55:05.957249,-8,24,167769600,133
2022-10-07 18:55:06.108734,-8,16,167769600,2
2022-10-07 18:55:06.760877,-8,8,167769600,0
2022-10-07 18:55:06.912364,-8,0,167769600,0
2022-10-07 18:55:06.963528,0,-127,128000,65535
2022-10-07 18:55:07.014720,0,-120,130560,65535
2022-10-07 18:55:07.065863,0,-112,130560,65535
2022-10-07 18:55:07.117051,0,-104,130560,65535
2022-10-07 18:55:07.668742,0,-96,130560,65535
2022-10-07 18:55:07.720080,0,-88,130560,65535
2022-10-07 18:55:07.771417,0,-80,130560,65535
2022-10-07 18:55:07.822523,0,-72,130560,65535
2022-10-07 18:55:07.873653,0,-64,184320,65535
2022-10-07 18:55:07.924872,0,-56,399360,65535
2022-10-07 18:55:07.976051,0,-48,2695680,65535
2022-10-07 18:55:08.127735,0,-40,161794560,65535
2022-10-07 18:55:08.779966,0,-32,167769600,2314
2022-10-07 18:55:08.931624,0,-24,167769600,127
2022-10-07 18:55:09.083086,0,-16,167769600,2
2022-10-07 18:55:09.735279,0,-8,167769600,0
2022-10-07 18:55:09.786623,0,127,130560,65535
2022-10-07 18:55:09.837769,0,120,133120,65535
2022-10-07 18:55:09.889013,0,112,133120,65535
2022-10-07 18:55:09.940359,0,104,133120,65535
2022-10-07 18:55:09.991463,0,96,133120,65535
2022-10-07 18:55:10.042723,0,88,133120,65535
2022-10-07 18:55:10.093864,0,80,133120,65535
2022-10-07 18:55:10.145090,0,72,135680,65535
2022-10-07 18:55:10.196469,0,64,202240,65535
2022-10-07 18:55:10.748295,0,56,432640,65535
2022-10-07 18:55:10.799492,0,48,3471360,65535
2022-10-07 18:55:10.950921,0,40,167769600,47281
2022-10-07 18:55:11.102508,0,32,167769600,1150
2022-10-07 18:55:11.754650,0,24,167769600,44
2022-10-07 18:55:11.906124,0,16,167769600,0
2022-10-07 18:55:11.906155,0,8,167769600,0
2022-10-07 18:55:12.057867,0,0,167769600,0
2022-10-07 18:55:12.109146,8,-127,128000,65535
2022-10-07 18:55:12.160501,8,-120,130560,65535
2022-10-07 18:55:12.211550,8,-112,130560,65535
2022-10-07 18:55:12.763589,8,-104,130560,65535
2022-10-07 18:55:12.814633,8,-96,130560,65535
2022-10-07 18:55:12.865766,8,-88,130560,65535
2022-10-07 18:55:12.916896,8,-80,130560,65535
2022-10-07 18:55:12.968052,8,-72,130560,65535
2022-10-07 18:55:13.019237,8,-64,179200,65535
2022-10-07 18:55:13.070475,8,-56,453120,65535
2022-10-07 18:55:13.121564,8,-48,5895680,65535
2022-10-07 18:55:13.773843,8,-40,167769600,31765
2022-10-07 18:55:13.925313,8,-32,167769600,804
2022-10-07 18:55:14.076790,8,-24,167769600,28
2022-10-07 18:55:14.228281,8,-16,167769600,0
2022-10-07 18:55:14.228312,8,-8,167769600,0
2022-10-07 18:55:14.780208,8,127,130560,65535
2022-10-07 18:55:14.831381,8,120,133120,65535
2022-10-07 18:55:14.882678,8,112,133120,65535
2022-10-07 18:55:14.933599,8,104,133120,65535
2022-10-07 18:55:14.984687,8,96,133120,65535
2022-10-07 18:55:15.035834,8,88,133120,65535
2022-10-07 18:55:15.087106,8,80,133120,65535
2022-10-07 18:55:15.138358,8,72,135680,65535
2022-10-07 18:55:15.189660,8,64,209920,65535
2022-10-07 18:55:15.240691,8,56,514560,65535
2022-10-07 18:55:15.792701,8,48,7841280,65535
2022-10-07 18:55:15.944046,8,40,167769600,19552
2022-10-07 18:55:16.095501,8,32,167769600,310
2022-10-07 18:55:16.246976,8,24,167769600,0
2022-10-07 18:55:16.247006,8,16,167769600,0
2022-10-07 18:55:16.247020,8,8,167769600,0
2022-10-07 18:55:16.899120,8,0,167769600,0
2022-10-07 18:55:16.950349,16,-127,128000,65535
2022-10-07 18:55:17.001582,16,-120,130560,65535
2022-10-07 18:55:17.052731,16,-112,130560,65535
2022-10-07 18:55:17.103878,16,-104,130560,65535
2022-10-07 18:55:17.155160,16,-96,130560,65535
2022-10-07 18:55:17.206401,16,-88,130560,65535
2022-10-07 18:55:17.258088,16,-80,130560,65535
2022-10-07 18:55:17.809974,16,-72,133120,65535
2022-10-07 18:55:17.861279,16,-64,186880,65535
2022-10-07 18:55:17.912544,16,-56,606720,65535
2022-10-07 18:55:17.963714,16,-48,24796160,65535
2022-10-07 18:55:18.115288,16,-40,167769600,9639
2022-10-07 18:55:18.266916,16,-32,167769600,187
2022-10-07 18:55:18.918878,16,-24,167769600,0
2022-10-07 18:55:18.918909,16,-16,167769600,0
2022-10-07 18:55:18.918923,16,-8,167769600,0
2022-10-07 18:55:18.970128,16,127,130560,65535
2022-10-07 18:55:19.021415,16,120,133120,65535
2022-10-07 18:55:19.072588,16,112,133120,65535
2022-10-07 18:55:19.123767,16,104,133120,65535
2022-10-07 18:55:19.174860,16,96,133120,65535
2022-10-07 18:55:19.225985,16,88,133120,65535
2022-10-07 18:55:19.277138,16,80,133120,65535
2022-10-07 18:55:19.828948,16,72,138240,65535
2022-10-07 18:55:19.880204,16,64,209920,65535
2022-10-07 18:55:19.931448,16,56,629760,65535
2022-10-07 18:55:19.982630,16,48,20377600,65535
2022-10-07 18:55:20.134164,16,40,167769600,5685
2022-10-07 18:55:20.285665,16,32,167769600,62
2022-10-07 18:55:20.937837,16,24,167769600,0
2022-10-07 18:55:20.937878,16,16,167769600,0
2022-10-07 18:55:20.937894,16,8,167769600,0
2022-10-07 18:55:21.089328,16,0,167769600,0
2022-10-07 18:55:21.140545,24,-127,128000,65535
2022-10-07 18:55:21.191747,24,-120,130560,65535
2022-10-07 18:55:21.243036,24,-112,130560,65535
2022-10-07 18:55:21.294015,24,-104,130560,65535
2022-10-07 18:55:21.845888,24,-96,130560,65535
2022-10-07 18:55:21.897028,24,-88,130560,65535
2022-10-07 18:55:21.948185,24,-80,130560,65535
2022-10-07 18:55:21.999348,24,-72,130560,65535
2022-10-07 18:55:22.050620,24,-64,192000,65535
2022-10-07 18:55:22.101825,24,-56,732160,65535
2022-10-07 18:55:22.253313,24,-48,73617920,65535
2022-10-07 18:55:22.905578,24,-40,167769600,2701
2022-10-07 18:55:23.057202,24,-32,167769600,18
2022-10-07 18:55:23.208743,24,-24,167769600,0
2022-10-07 18:55:23.208773,24,-16,167769600,0
2022-10-07 18:55:23.208787,24,-8,167769600,0
2022-10-07 18:55:23.259911,24,127,130560,65535
2022-10-07 18:55:23.311014,24,120,133120,65535
2022-10-07 18:55:23.362265,24,112,133120,65535
2022-10-07 18:55:23.914217,24,104,133120,65535
2022-10-07 18:55:23.965372,24,96,133120,65535
2022-10-07 18:55:24.016481,24,88,133120,65535
2022-10-07 18:55:24.067641,24,80,133120,65535
2022-10-07 18:55:24.118859,24,72,135680,65535
2022-10-07 18:55:24.170031,24,64,222720,65535
2022-10-07 18:55:24.221233,24,56,686080,65535
2022-10-07 18:55:24.272353,24,48,50629120,65535
2022-10-07 18:55:24.924587,24,40,167769600,1895
2022-10-07 18:55:25.076227,24,32,167769600,6
2022-10-07 18:55:25.227675,24,24,167769600,0
2022-10-07 18:55:25.227706,24,16,167769600,0
2022-10-07 18:55:25.227719,24,8,167769600,0
2022-10-07 18:55:25.379232,24,0,167769600,0
2022-10-07 18:55:25.931254,32,-127,128000,65535
2022-10-07 18:55:25.982409,32,-120,130560,65535
2022-10-07 18:55:26.033513,32,-112,130560,65535
2022-10-07 18:55:26.084665,32,-104,130560,65535
2022-10-07 18:55:26.135899,32,-96,130560,65535
2022-10-07 18:55:26.187180,32,-88,130560,65535
2022-10-07 18:55:26.238325,32,-80,130560,65535
2022-10-07 18:55:26.289464,32,-72,130560,65535
2022-10-07 18:55:26.340703,32,-64,189440,65535
2022-10-07 18:55:26.391901,32,-56,788480,65535
2022-10-07 18:55:26.943673,32,-48,57536000,65535
2022-10-07 18:55:27.095448,32,-40,167769600,4915
2022-10-07 18:55:27.246999,32,-32,167769600,46
2022-10-07 18:55:27.398560,32,-24,167769600,1
2022-10-07 18:55:28.050596,32,-16,167769600,0
2022-10-07 18:55:28.050629,32,-8,167769600,0
2022-10-07 18:55:28.101746,32,127,130560,65535
2022-10-07 18:55:28.152829,32,120,133120,65535
2022-10-07 18:55:28.203885,32,112,133120,65535
2022-10-07 18:55:28.254932,32,104,133120,65535
2022-10-07 18:55:28.305937,32,96,133120,65535
2022-10-07 18:55:28.356960,32,88,133120,65535
2022-10-07 18:55:28.408165,32,80,133120,65535
2022-10-07 18:55:28.959746,32,72,135680,65535
2022-10-07 18:55:29.010852,32,64,222720,65535
2022-10-07 18:55:29.061912,32,56,890880,65535
2022-10-07 18:55:29.113141,32,48,44029440,65535
2022-10-07 18:55:29.264693,32,40,167769600,3259
2022-10-07 18:55:29.416360,32,32,167769600,7
2022-10-07 18:55:30.068452,32,24,167769600,0
2022-10-07 18:55:30.068483,32,16,167769600,0
2022-10-07 18:55:30.068497,32,8,167769600,0
2022-10-07 18:55:30.219934,32,0,167769600,0
2022-10-07 18:55:30.271226,40,-127,128000,65535
2022-10-07 18:55:30.322358,40,-120,130560,65535
2022-10-07 18:55:30.373659,40,-112,130560,65535
2022-10-07 18:55:30.424786,40,-104,130560,65535
2022-10-07 18:55:30.976654,40,-96,130560,65535
2022-10-07 18:55:31.027861,40,-88,130560,65535
2022-10-07 18:55:31.079081,40,-80,130560,65535
2022-10-07 18:55:31.130659,40,-72,130560,65535
2022-10-07 18:55:31.181907,40,-64,184320,65535
2022-10-07 18:55:31.233306,40,-56,632320,65535
2022-10-07 18:55:31.284417,40,-48,14133760,65535
2022-10-07 18:55:31.435823,40,-40,167769600,35479
2022-10-07 18:55:32.087903,40,-32,167769600,1210
2022-10-07 18:55:32.239452,40,-24,167769600,40
2022-10-07 18:55:32.390913,40,-16,167769600,1
2022-10-07 18:55:33.043121,40,-8,167769600,0
2022-10-07 18:55:33.094406,40,127,130560,65535
2022-10-07 18:55:33.145471,40,120,133120,65535
2022-10-07 18:55:33.196607,40,112,133120,65535
2022-10-07 18:55:33.247762,40,104,133120,65535
2022-10-07 18:55:33.298910,40,96,133120,65535
2022-10-07 18:55:33.350138,40,88,133120,65535
2022-10-07 18:55:33.401397,40,80,133120,65535
2022-10-07 18:55:33.452565,40,72,135680,65535
2022-10-07 18:55:33.503813,40,64,220160,65535
2022-10-07 18:55:34.055683,40,56,714240,65535
2022-10-07 18:55:34.106831,40,48,10132480,65535
2022-10-07 18:55:34.258439,40,40,167769600,27664
2022-10-07 18:55:34.409907,40,32,167769600,656
2022-10-07 18:55:35.062240,40,24,167769600,3
2022-10-07 18:55:35.213900,40,16,167769600,0
2022-10-07 18:55:35.213931,40,8,167769600,0
2022-10-07 18:55:35.365548,40,0,167769600,0
2022-10-07 18:55:35.416708,48,-127,128000,65535
2022-10-07 18:55:35.467836,48,-120,130560,65535
2022-10-07 18:55:35.518971,48,-112,130560,65535
2022-10-07 18:55:36.070809,48,-104,130560,65535
2022-10-07 18:55:36.121957,48,-96,130560,65535
2022-10-07 18:55:36.173176,48,-88,130560,65535
2022-10-07 18:55:36.224279,48,-80,130560,65535
2022-10-07 18:55:36.275316,48,-72,130560,65535
2022-10-07 18:55:36.326331,48,-64,171520,65535
2022-10-07 18:55:36.377334,48,-56,437760,65535
2022-10-07 18:55:36.428487,48,-48,3333120,65535
2022-10-07 18:55:36.479416,48,-40,52034560,65535
2022-10-07 18:55:37.131342,48,-32,167769600,14578
2022-10-07 18:55:37.282795,48,-24,167769600,1019
2022-10-07 18:55:37.434337,48,-16,167769600,26
2022-10-07 18:55:37.585794,48,-8,167769600,0
2022-10-07 18:55:38.137558,48,127,130560,65535
2022-10-07 18:55:38.188700,48,120,133120,65535
2022-10-07 18:55:38.239981,48,112,133120,65535
2022-10-07 18:55:38.291223,48,104,133120,65535
2022-10-07 18:55:38.342449,48,96,133120,65535
2022-10-07 18:55:38.393787,48,88,133120,65535
2022-10-07 18:55:38.444884,48,80,133120,65535
2022-10-07 18:55:38.496017,48,72,135680,65535
2022-10-07 18:55:38.547200,48,64,194560,65535
2022-10-07 18:55:38.598376,48,56,535040,65535
2022-10-07 18:55:39.150049,48,48,2908160,65535
2022-10-07 18:55:39.201276,48,40,58414080,65535
2022-10-07 18:55:39.352779,48,32,167769600,10467
2022-10-07 18:55:39.504486,48,24,167769600,236
2022-10-07 18:55:40.156793,48,16,167769600,3
2022-10-07 18:55:40.308270,48,8,167769600,0
2022-10-07 18:55:40.459733,48,0,167769600,0
2022-10-07 18:55:40.510876,56,-127,128000,65535
2022-10-07 18:55:40.562172,56,-120,130560,65535
2022-10-07 18:55:40.613458,56,-112,130560,65535
2022-10-07 18:55:41.165274,56,-104,130560,65535
2022-10-07 18:55:41.216449,56,-96,130560,65535
2022-10-07 18:55:41.267623,56,-88,130560,65535
2022-10-07 18:55:41.318525,56,-80,130560,65535
2022-10-07 18:55:41.369706,56,-72,130560,65535
2022-10-07 18:55:41.420780,56,-64,168960,65535
2022-10-07 18:55:41.471975,56,-56,340480,65535
2022-10-07 18:55:41.523193,56,-48,1064960,65535
2022-10-07 18:55:41.574392,56,-40,9223680,65535
2022-10-07 18:55:42.226363,56,-32,94891520,65535
2022-10-07 18:55:42.377867,56,-24,167769600,14071
2022-10-07 18:55:42.529347,56,-16,167769600,774
2022-10-07 18:55:42.680856,56,-8,167769600,30
2022-10-07 18:55:43.232811,56,127,130560,65535
2022-10-07 18:55:43.283880,56,120,133120,65535
2022-10-07 18:55:43.335011,56,112,133120,65535
2022-10-07 18:55:43.386189,56,104,133120,65535
2022-10-07 18:55:43.437381,56,96,133120,65535
2022-10-07 18:55:43.488615,56,88,133120,65535
2022-10-07 18:55:43.539831,56,80,133120,65535
2022-10-07 18:55:43.590887,56,72,135680,65535
2022-10-07 18:55:43.642086,56,64,192000,65535
2022-10-07 18:55:43.693224,56,56,394240,65535
2022-10-07 18:55:44.245244,56,48,1318400,65535
2022-10-07 18:55:44.296386,56,40,11251200,65535
2022-10-07 18:55:44.447854,56,32,144396800,65535
2022-10-07 18:55:44.599264,56,24,167769600,4860
2022-10-07 18:55:45.251350,56,16,167769600,99
2022-10-07 18:55:45.402813,56,8,167769600,0
2022-10-07 18:55:45.554301,56,0,167769600,0
2022-10-07 18:55:45.605424,64,-127,128000,65535
2022-10-07 18:55:45.656581,64,-120,130560,65535
2022-10-07 18:55:45.707941,64,-112,130560,65535
2022-10-07 18:55:46.259639,64,-104,130560,65535
2022-10-07 18:55:46.310704,64,-96,130560,65535
2022-10-07 18:55:46.361881,64,-88,130560,65535
2022-10-07 18:55:46.412982,64,-80,130560,65535
2022-10-07 18:55:46.464028,64,-72,130560,65535
2022-10-07 18:55:46.515886,64,-64,168960,65535
2022-10-07 18:55:46.566971,64,-56,286720,65535
2022-10-07 18:55:46.618123,64,-48,506880,65535
2022-10-07 18:55:46.669257,64,-40,1989120,65535
2022-10-07 18:55:46.720397,64,-32,19399680,65535
2022-10-07 18:55:47.372440,64,-24,110443520,65535
2022-10-07 18:55:47.524094,64,-16,167769600,8918
2022-10-07 18:55:47.675605,64,-8,167769600,451
2022-10-07 18:55:47.726804,64,127,130560,65535
2022-10-07 18:55:48.278735,64,120,133120,65535
2022-10-07 18:55:48.329932,64,112,133120,65535
2022-10-07 18:55:48.380853,64,104,133120,65535
2022-10-07 18:55:48.432017,64,96,133120,65535
2022-10-07 18:55:48.483152,64,88,133120,65535
2022-10-07 18:55:48.534281,64,80,133120,65535
2022-10-07 18:55:48.585490,64,72,135680,65535
2022-10-07 18:55:48.636725,64,64,186880,65535
2022-10-07 18:55:48.687899,64,56,314880,65535
2022-10-07 18:55:48.739247,64,48,668160,65535
2022-10-07 18:55:49.291001,64,40,2682880,65535
2022-10-07 18:55:49.341924,64,32,23989760,65535
2022-10-07 18:55:49.493210,64,24,167769600,46694
2022-10-07 18:55:49.644676,64,16,167769600,2050
2022-10-07 18:55:50.296865,64,8,167769600,50
2022-10-07 18:55:50.448487,64,0,167769600,5
2022-10-07 18:55:50.499640,72,-127,128000,65535
2022-10-07 18:55:50.550824,72,-120,130560,65535
2022-10-07 18:55:50.602007,72,-112,130560,65535
2022-10-07 18:55:50.652934,72,-104,130560,65535
2022-10-07 18:55:50.703888,72,-96,130560,65535
2022-10-07 18:55:50.755100,72,-88,130560,65535
2022-10-07 18:55:51.306783,72,-80,130560,65535
2022-10-07 18:55:51.358048,72,-72,130560,65535
2022-10-07 18:55:51.409375,72,-64,176640,65535
2022-10-07 18:55:51.460411,72,-56,263680,65535
2022-10-07 18:55:51.511524,72,-48,330240,65535
2022-10-07 18:55:51.562800,72,-40,693760,65535
2022-10-07 18:55:51.614052,72,-32,3522560,65535
2022-10-07 18:55:51.665381,72,-24,18731520,65535
2022-10-07 18:55:52.317304,72,-16,153267200,65535
2022-10-07 18:55:52.468733,72,-8,167769600,6050
2022-10-07 18:55:52.519994,72,127,130560,65535
2022-10-07 18:55:52.571209,72,120,133120,65535
2022-10-07 18:55:52.622283,72,112,133120,65535
2022-10-07 18:55:52.673264,72,104,133120,65535
2022-10-07 18:55:52.724445,72,96,133120,65535
2022-10-07 18:55:52.775656,72,88,133120,65535
2022-10-07 18:55:53.327402,72,80,133120,65535
2022-10-07 18:55:53.378746,72,72,135680,65535
2022-10-07 18:55:53.429835,72,64,189440,65535
2022-10-07 18:55:53.481216,72,56,281600,65535
2022-10-07 18:55:53.532300,72,48,409600,65535
2022-10-07 18:55:53.583419,72,40,1047040,65535
2022-10-07 18:55:53.634510,72,32,4648960,65535
2022-10-07 18:55:53.685683,72,24,36764160,65535
2022-10-07 18:55:54.337939,72,16,167769600,22160
2022-10-07 18:55:54.489670,72,8,167769600,857
2022-10-07 18:55:54.641157,72,0,167769600,263
2022-10-07 18:55:54.692370,80,-127,128000,65535
2022-10-07 18:55:54.743478,80,-120,130560,65535
2022-10-07 18:55:54.794595,80,-112,130560,65535
2022-10-07 18:55:55.346379,80,-104,130560,65535
2022-10-07 18:55:55.397265,80,-96,130560,65535
2022-10-07 18:55:55.448217,80,-88,130560,65535
2022-10-07 18:55:55.499202,80,-80,130560,65535
2022-10-07 18:55:55.550185,80,-72,130560,65535
2022-10-07 18:55:55.601207,80,-64,179200,65535
2022-10-07 18:55:55.652215,80,-56,261120,65535
2022-10-07 18:55:55.703238,80,-48,276480,65535
2022-10-07 18:55:55.754232,80,-40,373760,65535
2022-10-07 18:55:55.805384,80,-32,957440,65535
2022-10-07 18:55:56.357047,80,-24,3660800,65535
2022-10-07 18:55:56.408280,80,-16,28308480,65535
2022-10-07 18:55:56.559897,80,-8,167769600,48987
2022-10-07 18:55:56.611097,80,127,130560,65535
2022-10-07 18:55:56.662307,80,120,133120,65535
2022-10-07 18:55:56.713261,80,112,133120,65535
2022-10-07 18:55:56.764391,80,104,133120,65535
2022-10-07 18:55:56.815452,80,96,133120,65535
2022-10-07 18:55:57.367216,80,88,133120,65535
2022-10-07 18:55:57.418374,80,80,133120,65535
2022-10-07 18:55:57.469314,80,72,135680,65535
2022-10-07 18:55:57.520292,80,64,184320,65535
2022-10-07 18:55:57.571444,80,56,268800,65535
2022-10-07 18:55:57.622513,80,48,312320,65535
2022-10-07 18:55:57.673715,80,40,532480,65535
2022-10-07 18:55:57.724870,80,32,1482240,65535
2022-10-07 18:55:57.776033,80,24,7485440,65535
2022-10-07 18:55:58.428372,80,16,67686400,65535
2022-10-07 18:55:58.579867,80,8,167769600,12121
2022-10-07 18:55:58.731351,80,0,167769600,3998
2022-10-07 18:55:58.782634,88,-127,128000,65535
2022-10-07 18:55:58.833687,88,-120,130560,65535
2022-10-07 18:55:58.884841,88,-112,130560,65535
2022-10-07 18:55:59.436735,88,-104,130560,65535
2022-10-07 18:55:59.487876,88,-96,130560,65535
2022-10-07 18:55:59.539081,88,-88,130560,65535
2022-10-07 18:55:59.590381,88,-80,130560,65535
2022-10-07 18:55:59.641505,88,-72,130560,65535
2022-10-07 18:55:59.692669,88,-64,171520,65535
2022-10-07 18:55:59.744502,88,-56,261120,65535
2022-10-07 18:55:59.795577,88,-48,266240,65535
2022-10-07 18:55:59.846771,88,-40,291840,65535
2022-10-07 18:55:59.897951,88,-32,435200,65535
2022-10-07 18:56:00.449860,88,-24,1006080,65535
2022-10-07 18:56:00.501212,88,-16,5145600,65535
2022-10-07 18:56:00.552554,88,-8,37882880,65535
2022-10-07 18:56:00.603634,88,127,130560,65535
2022-10-07 18:56:00.654784,88,120,133120,65535
2022-10-07 18:56:00.706029,88,112,133120,65535
2022-10-07 18:56:00.757312,88,104,133120,65535
2022-10-07 18:56:00.808493,88,96,133120,65535
2022-10-07 18:56:00.859593,88,88,133120,65535
2022-10-07 18:56:00.910723,88,80,133120,65535
2022-10-07 18:56:01.462727,88,72,135680,65535
2022-10-07 18:56:01.513905,88,64,189440,65535
2022-10-07 18:56:01.565047,88,56,263680,65535
2022-10-07 18:56:01.616287,88,48,276480,65535
2022-10-07 18:56:01.667627,88,40,345600,65535
2022-10-07 18:56:01.718657,88,32,698880,65535
2022-10-07 18:56:01.769915,88,24,1971200,65535
2022-10-07 18:56:01.821082,88,16,13199360,65535
2022-10-07 18:56:02.473338,88,8,123660800,65535
2022-10-07 18:56:02.624850,88,0,167769600,36762
2022-10-07 18:56:02.676005,96,-127,128000,65535
2022-10-07 18:56:02.727236,96,-120,130560,65535
2022-10-07 18:56:02.778420,96,-112,130560,65535
2022-10-07 18:56:02.829424,96,-104,130560,65535
2022-10-07 18:56:02.880596,96,-96,130560,65535
2022-10-07 18:56:02.931702,96,-88,130560,65535
2022-10-07 18:56:03.483614,96,-80,130560,65535
2022-10-07 18:56:03.534730,96,-72,130560,65535
2022-10-07 18:56:03.585855,96,-64,176640,65535
2022-10-07 18:56:03.636986,96,-56,261120,65535
2022-10-07 18:56:03.688148,96,-48,263680,65535
2022-10-07 18:56:03.739256,96,-40,266240,65535
2022-10-07 18:56:03.790416,96,-32,304640,65535
2022-10-07 18:56:03.841595,96,-24,453120,65535
2022-10-07 18:56:03.892489,96,-16,1223680,65535
2022-10-07 18:56:03.943666,96,-8,6991360,65535
2022-10-07 18:56:04.495466,96,127,133120,65535
2022-10-07 18:56:04.546659,96,120,133120,65535
2022-10-07 18:56:04.597750,96,112,133120,65535
2022-10-07 18:56:04.648900,96,104,133120,65535
2022-10-07 18:56:04.700187,96,96,133120,65535
2022-10-07 18:56:04.751351,96,88,133120,65535
2022-10-07 18:56:04.802676,96,80,133120,65535
2022-10-07 18:56:04.853913,96,72,135680,65535
2022-10-07 18:56:04.905090,96,64,189440,65535
2022-10-07 18:56:04.956252,96,56,261120,65535
2022-10-07 18:56:05.508028,96,48,266240,65535
2022-10-07 18:56:05.559309,96,40,284160,65535
2022-10-07 18:56:05.610583,96,32,386560,65535
2022-10-07 18:56:05.661811,96,24,780800,65535
2022-10-07 18:56:05.712846,96,16,2785280,65535
2022-10-07 18:56:05.763985,96,8,18951680,65535
2022-10-07 18:56:05.815169,96,0,43681280,65535
2022-10-07 18:56:05.866407,104,-127,130560,65535
2022-10-07 18:56:05.917584,104,-120,130560,65535
2022-10-07 18:56:05.968532,104,-112,130560,65535
2022-10-07 18:56:06.520152,104,-104,130560,65535
2022-10-07 18:56:06.571308,104,-96,130560,65535
2022-10-07 18:56:06.622466,104,-88,130560,65535
2022-10-07 18:56:06.673653,104,-80,130560,65535
2022-10-07 18:56:06.724813,104,-72,130560,65535
2022-10-07 18:56:06.775887,104,-64,176640,65535
2022-10-07 18:56:06.827081,104,-56,261120,65535
2022-10-07 18:56:06.878215,104,-48,261120,65535
2022-10-07 18:56:06.929408,104,-40,263680,65535
2022-10-07 18:56:06.980453,104,-32,273920,65535
2022-10-07 18:56:07.532285,104,-24,309760,65535
2022-10-07 18:56:07.583455,104,-16,509440,65535
2022-10-07 18:56:07.634690,104,-8,1653760,65535
2022-10-07 18:56:07.685942,104,127,133120,65535
2022-10-07 18:56:07.737092,104,120,133120,65535
2022-10-07 18:56:07.788276,104,112,133120,65535
2022-10-07 18:56:07.839415,104,104,133120,65535
2022-10-07 18:56:07.890699,104,96,133120,65535
2022-10-07 18:56:07.941857,104,88,133120,65535
2022-10-07 18:56:07.992913,104,80,133120,65535
2022-10-07 18:56:08.544669,104,72,135680,65535
2022-10-07 18:56:08.595715,104,64,189440,65535
2022-10-07 18:56:08.646729,104,56,261120,65535
2022-10-07 18:56:08.697717,104,48,263680,65535
2022-10-07 18:56:08.748711,104,40,266240,65535
2022-10-07 18:56:08.799867,104,32,296960,65535
2022-10-07 18:56:08.850808,104,24,432640,65535
2022-10-07 18:56:08.901794,104,16,962560,65535
2022-10-07 18:56:08.952964,104,8,4418560,65535
2022-10-07 18:56:09.004195,104,0,7431680,65535
2022-10-07 18:56:09.556008,112,-127,128000,65535
2022-10-07 18:56:09.607254,112,-120,130560,65535
2022-10-07 18:56:09.658438,112,-112,130560,65535
2022-10-07 18:56:09.709551,112,-104,130560,65535
2022-10-07 18:56:09.760766,112,-96,130560,65535
2022-10-07 18:56:09.811786,112,-88,130560,65535
2022-10-07 18:56:09.862764,112,-80,130560,65535
2022-10-07 18:56:09.913766,112,-72,130560,65535
2022-10-07 18:56:09.964898,112,-64,174080,65535
2022-10-07 18:56:10.015856,112,-56,261120,65535
2022-10-07 18:56:10.568016,112,-48,261120,65535
2022-10-07 18:56:10.619189,112,-40,261120,65535
2022-10-07 18:56:10.670109,112,-32,266240,65535
2022-10-07 18:56:10.721242,112,-24,271360,65535
2022-10-07 18:56:10.772360,112,-16,322560,65535
2022-10-07 18:56:10.823501,112,-8,604160,65535
2022-10-07 18:56:10.874791,112,127,133120,65535
2022-10-07 18:56:10.925956,112,120,133120,65535
2022-10-07 18:56:10.977042,112,112,133120,65535
2022-10-07 18:56:11.028209,112,104,133120,65535
2022-10-07 18:56:11.580129,112,96,133120,65535
2022-10-07 18:56:11.631283,112,88,133120,65535
2022-10-07 18:56:11.682473,112,80,133120,65535
2022-10-07 18:56:11.733664,112,72,135680,65535
2022-10-07 18:56:11.784775,112,64,189440,65535
2022-10-07 18:56:11.835829,112,56,261120,65535
2022-10-07 18:56:11.887007,112,48,261120,65535
2022-10-07 18:56:11.937938,112,40,263680,65535
2022-10-07 18:56:11.989112,112,32,268800,65535
2022-10-07 18:56:12.040012,112,24,309760,65535
2022-10-07 18:56:12.591822,112,16,499200,65535
2022-10-07 18:56:12.643037,112,8,1162240,65535
2022-10-07 18:56:12.694213,112,0,1674240,65535
2022-10-07 18:56:12.745351,120,-127,130560,65535
2022-10-07 18:56:12.796478,120,-120,130560,65535
2022-10-07 18:56:12.847640,120,-112,130560,65535
2022-10-07 18:56:12.898699,120,-104,130560,65535
2022-10-07 18:56:12.949774,120,-96,130560,65535
2022-10-07 18:56:13.000966,120,-88,130560,65535
2022-10-07 18:56:13.052139,120,-80,130560,65535
2022-10-07 18:56:13.603792,120,-72,130560,65535
2022-10-07 18:56:13.654813,120,-64,181760,65535
2022-10-07 18:56:13.705842,120,-56,261120,65535
2022-10-07 18:56:13.757036,120,-48,261120,65535
2022-10-07 18:56:13.808172,120,-40,261120,65535
2022-10-07 18:56:13.859354,120,-32,263680,65535
2022-10-07 18:56:13.910473,120,-24,261120,65535
2022-10-07 18:56:13.961607,120,-16,279040,65535
2022-10-07 18:56:14.012761,120,-8,345600,65535
2022-10-07 18:56:14.063959,120,127,130560,65535
2022-10-07 18:56:14.615718,120,120,133120,65535
2022-10-07 18:56:14.666773,120,112,133120,65535
2022-10-07 18:56:14.717823,120,104,133120,65535
2022-10-07 18:56:14.768866,120,96,133120,65535
2022-10-07 18:56:14.819967,120,88,133120,65535
2022-10-07 18:56:14.871115,120,80,133120,65535
2022-10-07 18:56:14.922213,120,72,135680,65535
2022-10-07 18:56:14.973140,120,64,192000,65535
2022-10-07 18:56:15.024039,120,56,258560,65535
2022-10-07 18:56:15.075021,120,48,261120,65535
2022-10-07 18:56:15.626624,120,40,261120,65535
2022-10-07 18:56:15.677806,120,32,263680,65535
2022-10-07 18:56:15.729001,120,24,276480,65535
2022-10-07 18:56:15.780183,120,16,330240,65535
2022-10-07 18:56:15.831042,120,8,499200,65535
2022-10-07 18:56:15.882199,120,0,517120,65535
2022-10-07 18:56:15.933049,128,-127,130560,65535
2022-10-07 18:56:15.984035,128,-120,130560,65535
2022-10-07 18:56:16.035022,128,-112,130560,65535
2022-10-07 18:56:16.086199,128,-104,130560,65535
2022-10-07 18:56:16.637837,128,-96,130560,65535
2022-10-07 18:56:16.689151,128,-88,130560,65535
2022-10-07 18:56:16.740430,128,-80,130560,65535
2022-10-07 18:56:16.791481,128,-72,130560,65535
2022-10-07 18:56:16.842666,128,-64,174080,65535
2022-10-07 18:56:16.893873,128,-56,258560,65535
2022-10-07 18:56:16.945102,128,-48,261120,65535
2022-10-07 18:56:16.996284,128,-40,261120,65535
2022-10-07 18:56:17.047438,128,-32,261120,65535
2022-10-07 18:56:17.098575,128,-24,261120,65535
2022-10-07 18:56:17.650473,128,-16,261120,65535
2022-10-07 18:56:17.701637,128,-8,261120,65535
2022-10-07 18:56:17.752786,128,127,130560,65535
2022-10-07 18:56:17.804128,128,120,133120,65535
2022-10-07 18:56:17.855300,128,112,133120,65535
2022-10-07 18:56:17.906416,128,104,133120,65535
2022-10-07 18:56:17.957517,128,96,133120,65535
2022-10-07 18:56:18.008649,128,88,133120,65535
2022-10-07 18:56:18.059949,128,80,133120,65535
2022-10-07 18:56:18.111170,128,72,135680,65535
2022-10-07 18:56:18.663086,128,64,189440,65535
2022-10-07 18:56:18.714294,128,56,258560,65535
2022-10-07 18:56:18.765376,128,48,261120,65535
2022-10-07 18:56:18.816479,128,40,261120,65535
2022-10-07 18:56:18.867716,128,32,261120,65535
2022-10-07 18:56:18.918874,128,24,263680,65535
2022-10-07 18:56:18.970098,128,16,271360,65535
2022-10-07 18:56:19.021380,128,8,268800,65535
2022-10-07 18:56:19.072440,128,0,261120,65535
2022-10-07 18:56:19.825338,-32,8,335539200,33
2022-10-07 18:56:20.177504,-32,0,335539200,14
2022-10-07 18:56:20.829668,-24,-8,335539200,66
2022-10-07 18:56:21.181947,-24,8,335539200,22
2022-10-07 18:56:21.834129,-24,0,335539200,0
2022-10-07 18:56:22.186417,-16,-8,335539200,15
2022-10-07 18:56:22.838569,-16,8,335539200,0
2022-10-07 18:56:23.190847,-16,0,335539200,0
2022-10-07 18:56:23.843161,-8,-16,335539200,27
2022-10-07 18:56:24.195371,-8,-8,335539200,0
2022-10-07 18:56:24.847400,-8,16,335539200,10
2022-10-07 18:56:25.199444,-8,8,335539200,0
2022-10-07 18:56:25.851811,-8,0,335539200,0
2022-10-07 18:56:26.203997,0,-16,335539200,4
2022-10-07 18:56:26.856105,0,-8,335539200,0
2022-10-07 18:56:27.208149,0,24,335539200,23
2022-10-07 18:56:27.860221,0,16,335539200,0
2022-10-07 18:56:27.860252,0,8,335539200,0
2022-10-07 18:56:28.212525,0,0,335539200,0
2022-10-07 18:56:28.864727,8,-24,335539200,62
2022-10-07 18:56:29.216760,8,-16,335539200,1
2022-10-07 18:56:29.868703,8,-8,335539200,0
2022-10-07 18:56:30.220605,8,24,335539200,11
2022-10-07 18:56:30.872736,8,16,335539200,0
2022-10-07 18:56:30.872774,8,8,335539200,0
2022-10-07 18:56:31.224964,8,0,335539200,0
2022-10-07 18:56:31.877008,16,-24,335539200,12
2022-10-07 18:56:32.229416,16,-16,335539200,0
2022-10-07 18:56:32.229447,16,-8,335539200,0
2022-10-07 18:56:32.881673,16,24,335539200,0
2022-10-07 18:56:32.881706,16,16,335539200,0
2022-10-07 18:56:32.881719,16,8,335539200,0
2022-10-07 18:56:33.234245,16,0,335539200,0
2022-10-07 18:56:33.886289,24,-32,335539200,49
2022-10-07 18:56:34.238617,24,-24,335539200,1
2022-10-07 18:56:34.891111,24,-16,335539200,0
2022-10-07 18:56:34.891149,24,-8,335539200,0
2022-10-07 18:56:35.243313,24,32,335539200,16
2022-10-07 18:56:35.895575,24,24,335539200,0
2022-10-07 18:56:35.895610,24,16,335539200,0
2022-10-07 18:56:35.895624,24,8,335539200,0
2022-10-07 18:56:36.247846,24,0,335539200,0
2022-10-07 18:56:36.899960,32,-32,335539200,70
2022-10-07 18:56:37.252377,32,-24,335539200,2
2022-10-07 18:56:37.904653,32,-16,335539200,0
2022-10-07 18:56:37.904686,32,-8,335539200,0
2022-10-07 18:56:38.256977,32,32,335539200,31
2022-10-07 18:56:38.909096,32,24,335539200,0
2022-10-07 18:56:38.909135,32,16,335539200,0
2022-10-07 18:56:38.909152,32,8,335539200,0
2022-10-07 18:56:39.261494,32,0,335539200,0
2022-10-07 18:56:39.913826,40,-24,335539200,71
2022-10-07 18:56:40.266252,40,-16,335539200,1
2022-10-07 18:56:40.918481,40,-8,335539200,0
2022-10-07 18:56:41.270538,40,24,335539200,6
2022-10-07 18:56:41.922665,40,16,335539200,0
2022-10-07 18:56:41.922698,40,8,335539200,0
2022-10-07 18:56:42.274984,40,0,335539200,0
2022-10-07 18:56:42.927235,48,-16,335539200,48
2022-10-07 18:56:43.279697,48,-8,335539200,0
2022-10-07 18:56:43.931924,48,16,335539200,1
2022-10-07 18:56:44.284121,48,8,335539200,0
2022-10-07 18:56:44.936132,48,0,335539200,0
2022-10-07 18:56:45.288362,56,-8,335539200,27
2022-10-07 18:56:45.940525,56,8,335539200,1
2022-10-07 18:56:46.292497,56,0,335539200,1
2022-10-07 18:56:46.944553,64,8,335539200,36
2022-10-07 18:56:47.296814,64,0,335539200,9
2022-10-07 18:56:47.949609,-32,8,671078400,121
2022-10-07 18:56:49.002821,-32,0,671078400,20
2022-10-07 18:56:50.056715,-24,8,671078400,11
2022-10-07 18:56:51.110179,-24,0,671078400,14
2022-10-07 18:56:52.163843,-16,-8,671078400,17
2022-10-07 18:56:53.217442,-16,8,671078400,0
2022-10-07 18:56:54.270900,-16,0,671078400,0
2022-10-07 18:56:55.324617,-8,-16,671078400,67
2022-10-07 18:56:56.378237,-8,-8,671078400,2
2022-10-07 18:56:57.431781,-8,16,671078400,2
2022-10-07 18:56:58.485140,-8,8,671078400,0
2022-10-07 18:56:59.538544,-8,0,671078400,0
2022-10-07 18:57:00.592175,0,-16,671078400,4
2022-10-07 18:57:01.645731,0,-8,671078400,0
2022-10-07 18:57:02.699548,0,24,671078400,119
2022-10-07 18:57:03.752924,0,16,671078400,1
2022-10-07 18:57:04.806371,0,8,671078400,0
2022-10-07 18:57:05.859655,0,0,671078400,0
2022-10-07 18:57:06.913092,8,-16,671078400,2
2022-10-07 18:57:07.966412,8,-8,671078400,0
2022-10-07 18:57:09.019873,8,24,671078400,17
2022-10-07 18:57:10.073565,8,16,671078400,0
2022-10-07 18:57:10.073606,8,8,671078400,0
2022-10-07 18:57:11.127207,8,0,671078400,0
2022-10-07 18:57:12.180839,16,-24,671078400,9
2022-10-07 18:57:13.234293,16,-16,671078400,0
2022-10-07 18:57:13.234327,16,-8,671078400,0
2022-10-07 18:57:14.288289,16,24,671078400,0
2022-10-07 18:57:14.288320,16,16,671078400,0
2022-10-07 18:57:14.288333,16,8,671078400,0
2022-10-07 18:57:15.342299,16,0,671078400,0
2022-10-07 18:57:16.395768,24,-32,671078400,98
2022-10-07 18:57:17.449102,24,-24,671078400,0
2022-10-07 18:57:17.449136,24,-16,671078400,0
2022-10-07 18:57:17.449149,24,-8,671078400,0
2022-10-07 18:57:18.502424,24,32,671078400,42
2022-10-07 18:57:19.555848,24,24,671078400,0
2022-10-07 18:57:19.555886,24,16,671078400,0
2022-10-07 18:57:19.555902,24,8,671078400,0
2022-10-07 18:57:20.609543,24,0,671078400,0
2022-10-07 18:57:21.663161,32,-24,671078400,0
2022-10-07 18:57:21.663203,32,-16,671078400,0
2022-10-07 18:57:21.663219,32,-8,671078400,0
2022-10-07 18:57:22.716958,32,32,671078400,51
2022-10-07 18:57:23.770453,32,24,671078400,0
2022-10-07 18:57:23.770486,32,16,671078400,0
2022-10-07 18:57:23.770499,32,8,671078400,0
2022-10-07 18:57:24.823780,32,0,671078400,0
2022-10-07 18:57:25.877530,40,-16,671078400,2
2022-10-07 18:57:26.930930,40,-8,671078400,0
2022-10-07 18:57:27.984358,40,24,671078400,18
2022-10-07 18:57:29.037677,40,16,671078400,0
2022-10-07 18:57:29.037726,40,8,671078400,0
2022-10-07 18:57:30.091051,40,0,671078400,0
2022-10-07 18:57:31.144577,48,-16,671078400,61
2022-10-07 18:57:32.197876,48,-8,671078400,1
2022-10-07 18:57:33.251297,48,16,671078400,6
2022-10-07 18:57:34.304913,48,8,671078400,0
2022-10-07 18:57:35.358566,48,0,671078400,0
2022-10-07 18:57:36.412163,56,-8,671078400,52
2022-10-07 18:57:37.465474,56,8,671078400,0
2022-10-07 18:57:38.519249,56,0,671078400,1
2022-10-07 18:57:39.572563,64,8,671078400,74
2022-10-07 18:57:40.626385,64,0,671078400,25
