2022-10-07 21:40:58.361357,-128,-127,128000,65535
2022-10-07 21:40:58.412522,-128,-120,130560,65535
2022-10-07 21:40:58.463734,-128,-112,130560,65535
2022-10-07 21:40:59.015467,-128,-104,130560,65535
2022-10-07 21:40:59.066675,-128,-96,130560,65535
2022-10-07 21:40:59.118036,-128,-88,130560,65535
2022-10-07 21:40:59.169038,-128,-80,130560,65535
2022-10-07 21:40:59.220201,-128,-72,130560,65535
2022-10-07 21:40:59.271345,-128,-64,140800,65535
2022-10-07 21:40:59.322550,-128,-56,204800,65535
2022-10-07 21:40:59.373761,-128,-48,261120,65535
2022-10-07 21:40:59.424922,-128,-40,261120,65535
2022-10-07 21:40:59.475994,-128,-32,261120,65535
2022-10-07 21:41:00.027740,-128,-24,261120,65535
2022-10-07 21:41:00.078918,-128,-16,261120,65535
2022-10-07 21:41:00.130155,-128,-8,256000,65535
2022-10-07 21:41:00.181392,-128,127,133120,65535
2022-10-07 21:41:00.232527,-128,120,133120,65535
2022-10-07 21:41:00.283706,-128,112,133120,65535
2022-10-07 21:41:00.334902,-128,104,133120,65535
2022-10-07 21:41:00.385980,-128,96,133120,65535
2022-10-07 21:41:00.437164,-128,88,133120,65535
2022-10-07 21:41:00.488391,-128,80,133120,65535
2022-10-07 21:41:01.040217,-128,72,133120,65535
2022-10-07 21:41:01.091390,-128,64,140800,65535
2022-10-07 21:41:01.142504,-128,56,194560,65535
2022-10-07 21:41:01.193627,-128,48,261120,65535
2022-10-07 21:41:01.244823,-128,40,261120,65535
2022-10-07 21:41:01.295824,-128,32,261120,65535
2022-10-07 21:41:01.346820,-128,24,261120,65535
2022-10-07 21:41:01.397978,-128,16,261120,65535
2022-10-07 21:41:01.448868,-128,8,253440,65535
2022-10-07 21:41:01.500035,-128,0,256000,65535
2022-10-07 21:41:02.051782,-120,-127,128000,65535
2022-10-07 21:41:02.102996,-120,-120,130560,65535
2022-10-07 21:41:02.153945,-120,-112,130560,65535
2022-10-07 21:41:02.205086,-120,-104,130560,65535
2022-10-07 21:41:02.256234,-120,-96,130560,65535
2022-10-07 21:41:02.307371,-120,-88,130560,65535
2022-10-07 21:41:02.358551,-120,-80,130560,65535
2022-10-07 21:41:02.409633,-120,-72,130560,65535
2022-10-07 21:41:02.460685,-120,-64,143360,65535
2022-10-07 21:41:02.511906,-120,-56,215040,65535
2022-10-07 21:41:03.063648,-120,-48,261120,65535
2022-10-07 21:41:03.114688,-120,-40,261120,65535
2022-10-07 21:41:03.165764,-120,-32,261120,65535
2022-10-07 21:41:03.216799,-120,-24,261120,65535
2022-10-07 21:41:03.267853,-120,-16,266240,65535
2022-10-07 21:41:03.318872,-120,-8,340480,65535
2022-10-07 21:41:03.369886,-120,127,130560,65535
2022-10-07 21:41:03.420900,-120,120,133120,65535
2022-10-07 21:41:03.471899,-120,112,133120,65535
2022-10-07 21:41:03.522904,-120,104,133120,65535
2022-10-07 21:41:04.074520,-120,96,133120,65535
2022-10-07 21:41:04.125750,-120,88,133120,65535
2022-10-07 21:41:04.177004,-120,80,133120,65535
2022-10-07 21:41:04.228195,-120,72,133120,65535
2022-10-07 21:41:04.279239,-120,64,145920,65535
2022-10-07 21:41:04.330374,-120,56,197120,65535
2022-10-07 21:41:04.381553,-120,48,261120,65535
2022-10-07 21:41:04.432806,-120,40,261120,65535
2022-10-07 21:41:04.484012,-120,32,261120,65535
2022-10-07 21:41:04.535173,-120,24,261120,65535
2022-10-07 21:41:05.086678,-120,16,273920,65535
2022-10-07 21:41:05.137787,-120,8,407040,65535
2022-10-07 21:41:05.189003,-120,0,509440,65535
2022-10-07 21:41:05.240204,-112,-127,130560,65535
2022-10-07 21:41:05.291266,-112,-120,130560,65535
2022-10-07 21:41:05.342481,-112,-112,130560,65535
2022-10-07 21:41:05.393621,-112,-104,130560,65535
2022-10-07 21:41:05.444788,-112,-96,130560,65535
2022-10-07 21:41:05.496181,-112,-88,130560,65535
2022-10-07 21:41:05.547309,-112,-80,130560,65535
2022-10-07 21:41:06.099041,-112,-72,130560,65535
2022-10-07 21:41:06.150211,-112,-64,140800,65535
2022-10-07 21:41:06.201090,-112,-56,209920,65535
2022-10-07 21:41:06.251997,-112,-48,258560,65535
2022-10-07 21:41:06.303002,-112,-40,261120,65535
2022-10-07 21:41:06.354223,-112,-32,261120,65535
2022-10-07 21:41:06.405383,-112,-24,261120,65535
2022-10-07 21:41:06.456560,-112,-16,286720,65535
2022-10-07 21:41:06.507717,-112,-8,519680,65535
2022-10-07 21:41:06.559089,-112,127,133120,65535
2022-10-07 21:41:07.110958,-112,120,133120,65535
2022-10-07 21:41:07.162195,-112,112,133120,65535
2022-10-07 21:41:07.213404,-112,104,133120,65535
2022-10-07 21:41:07.264582,-112,96,133120,65535
2022-10-07 21:41:07.315752,-112,88,133120,65535
2022-10-07 21:41:07.366940,-112,80,133120,65535
2022-10-07 21:41:07.418163,-112,72,133120,65535
2022-10-07 21:41:07.469369,-112,64,143360,65535
2022-10-07 21:41:07.520585,-112,56,197120,65535
2022-10-07 21:41:07.571795,-112,48,261120,65535
2022-10-07 21:41:08.123652,-112,40,261120,65535
2022-10-07 21:41:08.174797,-112,32,261120,65535
2022-10-07 21:41:08.225916,-112,24,263680,65535
2022-10-07 21:41:08.276978,-112,16,312320,65535
2022-10-07 21:41:08.328227,-112,8,711680,65535
2022-10-07 21:41:08.379478,-112,0,1658880,65535
2022-10-07 21:41:08.430604,-104,-127,128000,65535
2022-10-07 21:41:08.481965,-104,-120,130560,65535
2022-10-07 21:41:08.533215,-104,-112,130560,65535
2022-10-07 21:41:08.584347,-104,-104,130560,65535
2022-10-07 21:41:09.136114,-104,-96,130560,65535
2022-10-07 21:41:09.187319,-104,-88,130560,65535
2022-10-07 21:41:09.238385,-104,-80,130560,65535
2022-10-07 21:41:09.289531,-104,-72,130560,65535
2022-10-07 21:41:09.340748,-104,-64,143360,65535
2022-10-07 21:41:09.391906,-104,-56,212480,65535
2022-10-07 21:41:09.443141,-104,-48,258560,65535
2022-10-07 21:41:09.494375,-104,-40,261120,65535
2022-10-07 21:41:09.545428,-104,-32,261120,65535
2022-10-07 21:41:09.596538,-104,-24,266240,65535
2022-10-07 21:41:10.148407,-104,-16,340480,65535
2022-10-07 21:41:10.199618,-104,-8,1047040,65535
2022-10-07 21:41:10.250816,-104,127,130560,65535
2022-10-07 21:41:10.302089,-104,120,133120,65535
2022-10-07 21:41:10.353290,-104,112,133120,65535
2022-10-07 21:41:10.404428,-104,104,133120,65535
2022-10-07 21:41:10.455473,-104,96,133120,65535
2022-10-07 21:41:10.506600,-104,88,133120,65535
2022-10-07 21:41:10.557748,-104,80,133120,65535
2022-10-07 21:41:10.608920,-104,72,133120,65535
2022-10-07 21:41:11.160808,-104,64,143360,65535
2022-10-07 21:41:11.212115,-104,56,194560,65535
2022-10-07 21:41:11.263332,-104,48,258560,65535
2022-10-07 21:41:11.314591,-104,40,261120,65535
2022-10-07 21:41:11.365546,-104,32,261120,65535
2022-10-07 21:41:11.416841,-104,24,271360,65535
2022-10-07 21:41:11.468003,-104,16,394240,65535
2022-10-07 21:41:11.519371,-104,8,1758720,65535
2022-10-07 21:41:11.570495,-104,0,9735680,65535
2022-10-07 21:41:11.621629,-96,-127,130560,65535
2022-10-07 21:41:12.173409,-96,-120,130560,65535
2022-10-07 21:41:12.224498,-96,-112,130560,65535
2022-10-07 21:41:12.275515,-96,-104,130560,65535
2022-10-07 21:41:12.326649,-96,-96,130560,65535
2022-10-07 21:41:12.377919,-96,-88,130560,65535
2022-10-07 21:41:12.429120,-96,-80,130560,65535
2022-10-07 21:41:12.480407,-96,-72,130560,65535
2022-10-07 21:41:12.531575,-96,-64,143360,65535
2022-10-07 21:41:12.582873,-96,-56,209920,65535
2022-10-07 21:41:12.634103,-96,-48,258560,65535
2022-10-07 21:41:13.186013,-96,-40,261120,65535
2022-10-07 21:41:13.237321,-96,-32,261120,65535
2022-10-07 21:41:13.288490,-96,-24,284160,65535
2022-10-07 21:41:13.339581,-96,-16,486400,65535
2022-10-07 21:41:13.390778,-96,-8,3612160,65535
2022-10-07 21:41:13.441956,-96,127,130560,65535
2022-10-07 21:41:13.493171,-96,120,133120,65535
2022-10-07 21:41:13.544368,-96,112,133120,65535
2022-10-07 21:41:13.595510,-96,104,133120,65535
2022-10-07 21:41:13.646555,-96,96,133120,65535
2022-10-07 21:41:14.198325,-96,88,133120,65535
2022-10-07 21:41:14.249493,-96,80,133120,65535
2022-10-07 21:41:14.300619,-96,72,133120,65535
2022-10-07 21:41:14.351873,-96,64,145920,65535
2022-10-07 21:41:14.403153,-96,56,194560,65535
2022-10-07 21:41:14.454441,-96,48,261120,65535
2022-10-07 21:41:14.505561,-96,40,261120,65535
2022-10-07 21:41:14.556630,-96,32,263680,65535
2022-10-07 21:41:14.607767,-96,24,296960,65535
2022-10-07 21:41:14.658918,-96,16,634880,65535
2022-10-07 21:41:15.210734,-96,8,7966720,65535
2022-10-07 21:41:15.362213,-96,0,100456960,65535
2022-10-07 21:41:15.413312,-88,-127,130560,65535
2022-10-07 21:41:15.464334,-88,-120,130560,65535
2022-10-07 21:41:15.515498,-88,-112,130560,65535
2022-10-07 21:41:15.566455,-88,-104,130560,65535
2022-10-07 21:41:15.617436,-88,-96,130560,65535
2022-10-07 21:41:15.668565,-88,-88,130560,65535
2022-10-07 21:41:16.220130,-88,-80,130560,65535
2022-10-07 21:41:16.271303,-88,-72,130560,65535
2022-10-07 21:41:16.322336,-88,-64,140800,65535
2022-10-07 21:41:16.373504,-88,-56,209920,65535
2022-10-07 21:41:16.424653,-88,-48,261120,65535
2022-10-07 21:41:16.475706,-88,-40,261120,65535
2022-10-07 21:41:16.526832,-88,-32,266240,65535
2022-10-07 21:41:16.577959,-88,-24,332800,65535
2022-10-07 21:41:16.629118,-88,-16,988160,65535
2022-10-07 21:41:16.680250,-88,-8,19637760,65535
2022-10-07 21:41:17.232219,-88,127,133120,65535
2022-10-07 21:41:17.283516,-88,120,133120,65535
2022-10-07 21:41:17.334681,-88,112,133120,65535
2022-10-07 21:41:17.385863,-88,104,133120,65535
2022-10-07 21:41:17.437029,-88,96,133120,65535
2022-10-07 21:41:17.488252,-88,88,133120,65535
2022-10-07 21:41:17.539427,-88,80,133120,65535
2022-10-07 21:41:17.590600,-88,72,133120,65535
2022-10-07 21:41:17.641773,-88,64,143360,65535
2022-10-07 21:41:17.692956,-88,56,192000,65535
2022-10-07 21:41:18.244738,-88,48,261120,65535
2022-10-07 21:41:18.295880,-88,40,261120,65535
2022-10-07 21:41:18.347043,-88,32,271360,65535
2022-10-07 21:41:18.398273,-88,24,368640,65535
2022-10-07 21:41:18.449543,-88,16,1351680,65535
2022-10-07 21:41:18.600990,-88,8,90856960,65535
2022-10-07 21:41:19.253120,-88,0,167769600,6585
2022-10-07 21:41:19.304279,-80,-127,128000,65535
2022-10-07 21:41:19.355434,-80,-120,130560,65535
2022-10-07 21:41:19.406931,-80,-112,130560,65535
2022-10-07 21:41:19.458096,-80,-104,130560,65535
2022-10-07 21:41:19.509272,-80,-96,130560,65535
2022-10-07 21:41:19.560453,-80,-88,130560,65535
2022-10-07 21:41:19.611499,-80,-80,130560,65535
2022-10-07 21:41:19.662510,-80,-72,130560,65535
2022-10-07 21:41:19.713517,-80,-64,143360,65535
2022-10-07 21:41:20.265337,-80,-56,215040,65535
2022-10-07 21:41:20.316484,-80,-48,258560,65535
2022-10-07 21:41:20.367690,-80,-40,261120,65535
2022-10-07 21:41:20.418637,-80,-32,289280,65535
2022-10-07 21:41:20.469612,-80,-24,460800,65535
2022-10-07 21:41:20.520620,-80,-16,3146240,65535
2022-10-07 21:41:20.671893,-80,-8,167769600,45412
2022-10-07 21:41:20.722816,-80,127,130560,65535
2022-10-07 21:41:21.274497,-80,120,133120,65535
2022-10-07 21:41:21.325710,-80,112,133120,65535
2022-10-07 21:41:21.376863,-80,104,133120,65535
2022-10-07 21:41:21.427918,-80,96,133120,65535
2022-10-07 21:41:21.479117,-80,88,133120,65535
2022-10-07 21:41:21.530252,-80,80,133120,65535
2022-10-07 21:41:21.581376,-80,72,133120,65535
2022-10-07 21:41:21.632477,-80,64,143360,65535
2022-10-07 21:41:21.683663,-80,56,197120,65535
2022-10-07 21:41:21.734665,-80,48,261120,65535
2022-10-07 21:41:22.286327,-80,40,261120,65535
2022-10-07 21:41:22.337717,-80,32,286720,65535
2022-10-07 21:41:22.389029,-80,24,501760,65535
2022-10-07 21:41:22.440120,-80,16,4766720,65535
2022-10-07 21:41:22.591528,-80,8,167769600,12861
2022-10-07 21:41:22.743273,-80,0,167769600,457
2022-10-07 21:41:23.295091,-72,-127,128000,65535
2022-10-07 21:41:23.346235,-72,-120,130560,65535
2022-10-07 21:41:23.397410,-72,-112,130560,65535
2022-10-07 21:41:23.448547,-72,-104,130560,65535
2022-10-07 21:41:23.499846,-72,-96,130560,65535
2022-10-07 21:41:23.550987,-72,-88,130560,65535
2022-10-07 21:41:23.602226,-72,-80,130560,65535
2022-10-07 21:41:23.653361,-72,-72,130560,65535
2022-10-07 21:41:23.704533,-72,-64,143360,65535
2022-10-07 21:41:23.755599,-72,-56,209920,65535
2022-10-07 21:41:24.307407,-72,-48,261120,65535
2022-10-07 21:41:24.358564,-72,-40,263680,65535
2022-10-07 21:41:24.409920,-72,-32,325120,65535
2022-10-07 21:41:24.461096,-72,-24,727040,65535
2022-10-07 21:41:24.512237,-72,-16,13263360,65535
2022-10-07 21:41:24.663710,-72,-8,167769600,3426
2022-10-07 21:41:24.714723,-72,127,130560,65535
2022-10-07 21:41:24.765764,-72,120,133120,65535
2022-10-07 21:41:25.317522,-72,112,133120,65535
2022-10-07 21:41:25.369105,-72,104,133120,65535
2022-10-07 21:41:25.420138,-72,96,133120,65535
2022-10-07 21:41:25.471285,-72,88,133120,65535
2022-10-07 21:41:25.522416,-72,80,133120,65535
2022-10-07 21:41:25.573544,-72,72,133120,65535
2022-10-07 21:41:25.624736,-72,64,143360,65535
2022-10-07 21:41:25.676120,-72,56,199680,65535
2022-10-07 21:41:25.727157,-72,48,258560,65535
2022-10-07 21:41:25.778295,-72,40,263680,65535
2022-10-07 21:41:26.330211,-72,32,330240,65535
2022-10-07 21:41:26.381351,-72,24,816640,65535
2022-10-07 21:41:26.432489,-72,16,39833600,65535
2022-10-07 21:41:26.583963,-72,8,167769600,760
2022-10-07 21:41:26.735276,-72,0,167769600,6
2022-10-07 21:41:26.786407,-64,-127,128000,65535
2022-10-07 21:41:27.338232,-64,-120,130560,65535
2022-10-07 21:41:27.389358,-64,-112,130560,65535
2022-10-07 21:41:27.440588,-64,-104,130560,65535
2022-10-07 21:41:27.491877,-64,-96,130560,65535
2022-10-07 21:41:27.543048,-64,-88,130560,65535
2022-10-07 21:41:27.594174,-64,-80,130560,65535
2022-10-07 21:41:27.645453,-64,-72,130560,65535
2022-10-07 21:41:27.696633,-64,-64,143360,65535
2022-10-07 21:41:27.747881,-64,-56,212480,65535
2022-10-07 21:41:27.799250,-64,-48,261120,65535
2022-10-07 21:41:28.351020,-64,-40,271360,65535
2022-10-07 21:41:28.402191,-64,-32,414720,65535
2022-10-07 21:41:28.453050,-64,-24,1689600,65535
2022-10-07 21:41:28.604499,-64,-16,86758400,65535
2022-10-07 21:41:28.756188,-64,-8,167769600,170
2022-10-07 21:41:28.807311,-64,127,130560,65535
2022-10-07 21:41:29.359041,-64,120,133120,65535
2022-10-07 21:41:29.410210,-64,112,133120,65535
2022-10-07 21:41:29.461372,-64,104,133120,65535
2022-10-07 21:41:29.512552,-64,96,133120,65535
2022-10-07 21:41:29.563805,-64,88,133120,65535
2022-10-07 21:41:29.615204,-64,80,133120,65535
2022-10-07 21:41:29.666375,-64,72,133120,65535
2022-10-07 21:41:29.717584,-64,64,140800,65535
2022-10-07 21:41:29.768904,-64,56,199680,65535
2022-10-07 21:41:29.820143,-64,48,261120,65535
2022-10-07 21:41:30.371913,-64,40,271360,65535
2022-10-07 21:41:30.423156,-64,32,399360,65535
2022-10-07 21:41:30.474294,-64,24,2135040,65535
2022-10-07 21:41:30.625695,-64,16,167769600,20206
2022-10-07 21:41:30.777303,-64,8,167769600,18
2022-10-07 21:41:31.429453,-64,0,167769600,0
2022-10-07 21:41:31.480654,-56,-127,128000,65535
2022-10-07 21:41:31.531788,-56,-120,130560,65535
2022-10-07 21:41:31.582964,-56,-112,130560,65535
2022-10-07 21:41:31.634457,-56,-104,130560,65535
2022-10-07 21:41:31.685609,-56,-96,130560,65535
2022-10-07 21:41:31.736757,-56,-88,130560,65535
2022-10-07 21:41:31.787940,-56,-80,130560,65535
2022-10-07 21:41:31.839346,-56,-72,130560,65535
2022-10-07 21:41:31.890385,-56,-64,143360,65535
2022-10-07 21:41:32.442128,-56,-56,209920,65535
2022-10-07 21:41:32.493300,-56,-48,258560,65535
2022-10-07 21:41:32.544195,-56,-40,291840,65535
2022-10-07 21:41:32.595156,-56,-32,637440,65535
2022-10-07 21:41:32.646207,-56,-24,6092800,65535
2022-10-07 21:41:32.797488,-56,-16,167769600,7463
2022-10-07 21:41:33.449682,-56,-8,167769600,4
2022-10-07 21:41:33.500953,-56,127,130560,65535
2022-10-07 21:41:33.552348,-56,120,133120,65535
2022-10-07 21:41:33.603556,-56,112,133120,65535
2022-10-07 21:41:33.654710,-56,104,133120,65535
2022-10-07 21:41:33.705857,-56,96,133120,65535
2022-10-07 21:41:33.757189,-56,88,133120,65535
2022-10-07 21:41:33.808404,-56,80,133120,65535
2022-10-07 21:41:33.859475,-56,72,133120,65535
2022-10-07 21:41:33.910617,-56,64,143360,65535
2022-10-07 21:41:34.462381,-56,56,199680,65535
2022-10-07 21:41:34.513489,-56,48,261120,65535
2022-10-07 21:41:34.564780,-56,40,286720,65535
2022-10-07 21:41:34.615941,-56,32,542720,65535
2022-10-07 21:41:34.667216,-56,24,10263040,65535
2022-10-07 21:41:34.818805,-56,16,167769600,1607
2022-10-07 21:41:35.470921,-56,8,167769600,1
2022-10-07 21:41:35.622524,-56,0,167769600,0
2022-10-07 21:41:35.673686,-48,-127,128000,65535
2022-10-07 21:41:35.724820,-48,-120,130560,65535
2022-10-07 21:41:35.776045,-48,-112,130560,65535
2022-10-07 21:41:35.827269,-48,-104,130560,65535
2022-10-07 21:41:35.878436,-48,-96,130560,65535
2022-10-07 21:41:35.929508,-48,-88,130560,65535
2022-10-07 21:41:36.481278,-48,-80,130560,65535
2022-10-07 21:41:36.532449,-48,-72,130560,65535
2022-10-07 21:41:36.583662,-48,-64,143360,65535
2022-10-07 21:41:36.634915,-48,-56,209920,65535
2022-10-07 21:41:36.686088,-48,-48,258560,65535
2022-10-07 21:41:36.737295,-48,-40,327680,65535
2022-10-07 21:41:36.788267,-48,-32,1139200,65535
2022-10-07 21:41:36.839255,-48,-24,30809600,65535
2022-10-07 21:41:37.491230,-48,-16,167769600,378
2022-10-07 21:41:37.642810,-48,-8,167769600,0
2022-10-07 21:41:37.693960,-48,127,130560,65535
2022-10-07 21:41:37.745247,-48,120,133120,65535
2022-10-07 21:41:37.796432,-48,112,133120,65535
2022-10-07 21:41:37.847615,-48,104,133120,65535
2022-10-07 21:41:37.898866,-48,96,133120,65535
2022-10-07 21:41:37.950194,-48,88,133120,65535
2022-10-07 21:41:38.502005,-48,80,133120,65535
2022-10-07 21:41:38.553269,-48,72,133120,65535
2022-10-07 21:41:38.604451,-48,64,145920,65535
2022-10-07 21:41:38.655556,-48,56,199680,65535
2022-10-07 21:41:38.706632,-48,48,258560,65535
2022-10-07 21:41:38.757793,-48,40,309760,65535
2022-10-07 21:41:38.808922,-48,32,865280,65535
2022-10-07 21:41:38.960508,-48,24,97456640,65535
2022-10-07 21:41:39.612490,-48,16,167769600,66
2022-10-07 21:41:39.764133,-48,8,167769600,0
2022-10-07 21:41:39.915578,-48,0,167769600,0
2022-10-07 21:41:39.966761,-40,-127,128000,65535
2022-10-07 21:41:40.518668,-40,-120,130560,65535
2022-10-07 21:41:40.569716,-40,-112,130560,65535
2022-10-07 21:41:40.620978,-40,-104,130560,65535
2022-10-07 21:41:40.672131,-40,-96,130560,65535
2022-10-07 21:41:40.723028,-40,-88,130560,65535
2022-10-07 21:41:40.774206,-40,-80,130560,65535
2022-10-07 21:41:40.825407,-40,-72,130560,65535
2022-10-07 21:41:40.876649,-40,-64,143360,65535
2022-10-07 21:41:40.927789,-40,-56,209920,65535
2022-10-07 21:41:40.978917,-40,-48,266240,65535
2022-10-07 21:41:41.530669,-40,-40,417280,65535
2022-10-07 21:41:41.581812,-40,-32,3732480,65535
2022-10-07 21:41:41.733299,-40,-24,167769600,36810
2022-10-07 21:41:41.884932,-40,-16,167769600,25
2022-10-07 21:41:42.537093,-40,-8,167769600,0
2022-10-07 21:41:42.588246,-40,127,130560,65535
2022-10-07 21:41:42.639393,-40,120,133120,65535
2022-10-07 21:41:42.690612,-40,112,133120,65535
2022-10-07 21:41:42.741812,-40,104,133120,65535
2022-10-07 21:41:42.793013,-40,96,133120,65535
2022-10-07 21:41:42.844248,-40,88,133120,65535
2022-10-07 21:41:42.895516,-40,80,133120,65535
2022-10-07 21:41:42.946779,-40,72,133120,65535
2022-10-07 21:41:42.997821,-40,64,145920,65535
2022-10-07 21:41:43.549555,-40,56,199680,65535
2022-10-07 21:41:43.600739,-40,48,266240,65535
2022-10-07 21:41:43.651818,-40,40,371200,65535
2022-10-07 21:41:43.702995,-40,32,2388480,65535
2022-10-07 21:41:43.854556,-40,24,167769600,8311
2022-10-07 21:41:44.006030,-40,16,167769600,3
2022-10-07 21:41:44.658031,-40,8,167769600,0
2022-10-07 21:41:44.809482,-40,0,167769600,0
2022-10-07 21:41:44.860764,-32,-127,128000,65535
2022-10-07 21:41:44.912008,-32,-120,130560,65535
2022-10-07 21:41:44.963194,-32,-112,130560,65535
2022-10-07 21:41:45.014384,-32,-104,130560,65535
2022-10-07 21:41:45.566750,-32,-96,130560,65535
2022-10-07 21:41:45.617928,-32,-88,130560,65535
2022-10-07 21:41:45.669207,-32,-80,130560,65535
2022-10-07 21:41:45.720351,-32,-72,130560,65535
2022-10-07 21:41:45.771486,-32,-64,143360,65535
2022-10-07 21:41:45.822837,-32,-56,217600,65535
2022-10-07 21:41:45.873980,-32,-48,279040,65535
2022-10-07 21:41:45.925205,-32,-40,547840,65535
2022-10-07 21:41:45.976353,-32,-32,11200000,65535
2022-10-07 21:41:46.628505,-32,-24,167769600,2335
2022-10-07 21:41:46.780136,-32,-16,167769600,0
2022-10-07 21:41:46.780169,-32,-8,167769600,0
2022-10-07 21:41:46.831283,-32,127,130560,65535
2022-10-07 21:41:46.882442,-32,120,133120,65535
2022-10-07 21:41:46.933629,-32,112,133120,65535
2022-10-07 21:41:46.984888,-32,104,133120,65535
2022-10-07 21:41:47.036159,-32,96,133120,65535
2022-10-07 21:41:47.087293,-32,88,133120,65535
2022-10-07 21:41:47.639105,-32,80,133120,65535
2022-10-07 21:41:47.690328,-32,72,133120,65535
2022-10-07 21:41:47.741481,-32,64,143360,65535
2022-10-07 21:41:47.792650,-32,56,204800,65535
2022-10-07 21:41:47.843844,-32,48,276480,65535
2022-10-07 21:41:47.894968,-32,40,468480,65535
2022-10-07 21:41:47.945899,-32,32,9827840,65535
2022-10-07 21:41:48.097405,-32,24,167769600,454
2022-10-07 21:41:48.749457,-32,16,167769600,1
2022-10-07 21:41:48.900922,-32,8,167769600,0
2022-10-07 21:41:49.052477,-32,0,167769600,0
2022-10-07 21:41:49.103732,-24,-127,128000,65535
2022-10-07 21:41:49.655689,-24,-120,130560,65535
2022-10-07 21:41:49.706890,-24,-112,130560,65535
2022-10-07 21:41:49.758081,-24,-104,130560,65535
2022-10-07 21:41:49.809155,-24,-96,130560,65535
2022-10-07 21:41:49.860291,-24,-88,130560,65535
2022-10-07 21:41:49.911408,-24,-80,130560,65535
2022-10-07 21:41:49.962524,-24,-72,130560,65535
2022-10-07 21:41:50.013620,-24,-64,143360,65535
2022-10-07 21:41:50.064821,-24,-56,215040,65535
2022-10-07 21:41:50.115816,-24,-48,296960,65535
2022-10-07 21:41:50.667693,-24,-40,857600,65535
2022-10-07 21:41:50.819397,-24,-32,69132800,65535
2022-10-07 21:41:50.970947,-24,-24,167769600,107
2022-10-07 21:41:51.122493,-24,-16,167769600,0
2022-10-07 21:41:51.122526,-24,-8,167769600,0
2022-10-07 21:41:51.674368,-24,127,130560,65535
2022-10-07 21:41:51.725486,-24,120,133120,65535
2022-10-07 21:41:51.776617,-24,112,133120,65535
2022-10-07 21:41:51.827793,-24,104,133120,65535
2022-10-07 21:41:51.878991,-24,96,133120,65535
2022-10-07 21:41:51.930176,-24,88,133120,65535
2022-10-07 21:41:51.981243,-24,80,133120,65535
2022-10-07 21:41:52.032366,-24,72,133120,65535
2022-10-07 21:41:52.083481,-24,64,143360,65535
2022-10-07 21:41:52.134611,-24,56,202240,65535
2022-10-07 21:41:52.686406,-24,48,289280,65535
2022-10-07 21:41:52.737544,-24,40,606720,65535
2022-10-07 21:41:52.888996,-24,32,88079360,65535
2022-10-07 21:41:53.040348,-24,24,167769600,14
2022-10-07 21:41:53.692459,-24,16,167769600,0
2022-10-07 21:41:53.692490,-24,8,167769600,0
2022-10-07 21:41:53.844102,-24,0,167769600,0
2022-10-07 21:41:53.895310,-16,-127,128000,65535
2022-10-07 21:41:53.946455,-16,-120,130560,65535
2022-10-07 21:41:53.997621,-16,-112,130560,65535
2022-10-07 21:41:54.048764,-16,-104,130560,65535
2022-10-07 21:41:54.099876,-16,-96,130560,65535
2022-10-07 21:41:54.150944,-16,-88,130560,65535
2022-10-07 21:41:54.702752,-16,-80,130560,65535
2022-10-07 21:41:54.753885,-16,-72,130560,65535
2022-10-07 21:41:54.805112,-16,-64,143360,65535
2022-10-07 21:41:54.856112,-16,-56,220160,65535
2022-10-07 21:41:54.907107,-16,-48,337920,65535
2022-10-07 21:41:54.958107,-16,-40,1661440,65535
2022-10-07 21:41:55.109400,-16,-32,167769600,14561
2022-10-07 21:41:55.761469,-16,-24,167769600,2
2022-10-07 21:41:55.912940,-16,-16,167769600,0
2022-10-07 21:41:55.912972,-16,-8,167769600,0
2022-10-07 21:41:55.964182,-16,127,130560,65535
2022-10-07 21:41:56.015438,-16,120,133120,65535
2022-10-07 21:41:56.066542,-16,112,133120,65535
2022-10-07 21:41:56.117722,-16,104,133120,65535
2022-10-07 21:41:56.168882,-16,96,133120,65535
2022-10-07 21:41:56.220199,-16,88,133120,65535
2022-10-07 21:41:56.772192,-16,80,133120,65535
2022-10-07 21:41:56.823355,-16,72,133120,65535
2022-10-07 21:41:56.874460,-16,64,143360,65535
2022-10-07 21:41:56.925568,-16,56,202240,65535
2022-10-07 21:41:56.976700,-16,48,320000,65535
2022-10-07 21:41:57.027865,-16,40,939520,65535
2022-10-07 21:41:57.179405,-16,32,167769600,11333
2022-10-07 21:41:57.831504,-16,24,167769600,0
2022-10-07 21:41:57.831536,-16,16,167769600,0
2022-10-07 21:41:57.831550,-16,8,167769600,0
2022-10-07 21:41:57.983133,-16,0,167769600,0
2022-10-07 21:41:58.034334,-8,-127,128000,65535
2022-10-07 21:41:58.085436,-8,-120,130560,65535
2022-10-07 21:41:58.136532,-8,-112,130560,65535
2022-10-07 21:41:58.187664,-8,-104,130560,65535
2022-10-07 21:41:58.238955,-8,-96,130560,65535
2022-10-07 21:41:58.290495,-8,-88,130560,65535
2022-10-07 21:41:58.842372,-8,-80,130560,65535
2022-10-07 21:41:58.893477,-8,-72,130560,65535
2022-10-07 21:41:58.944583,-8,-64,143360,65535
2022-10-07 21:41:58.995714,-8,-56,222720,65535
2022-10-07 21:41:59.046842,-8,-48,401920,65535
2022-10-07 21:41:59.098019,-8,-40,3985920,65535
2022-10-07 21:41:59.249787,-8,-32,167769600,754
2022-10-07 21:41:59.901849,-8,-24,167769600,0
2022-10-07 21:41:59.901882,-8,-16,167769600,0
2022-10-07 21:41:59.901895,-8,-8,167769600,0
2022-10-07 21:41:59.953086,-8,127,130560,65535
2022-10-07 21:42:00.004291,-8,120,133120,65535
2022-10-07 21:42:00.055355,-8,112,133120,65535
2022-10-07 21:42:00.106573,-8,104,133120,65535
2022-10-07 21:42:00.157734,-8,96,133120,65535
2022-10-07 21:42:00.208857,-8,88,133120,65535
2022-10-07 21:42:00.260017,-8,80,133120,65535
2022-10-07 21:42:00.311222,-8,72,133120,65535
2022-10-07 21:42:00.362494,-8,64,143360,65535
2022-10-07 21:42:00.914214,-8,56,199680,65535
2022-10-07 21:42:00.965398,-8,48,355840,65535
2022-10-07 21:42:01.016573,-8,40,1751040,65535
2022-10-07 21:42:01.168077,-8,32,167769600,1024
2022-10-07 21:42:01.319553,-8,24,167769600,0
2022-10-07 21:42:01.319584,-8,16,167769600,0
2022-10-07 21:42:01.319598,-8,8,167769600,0
2022-10-07 21:42:01.971415,-8,0,167769600,0
2022-10-07 21:42:02.022548,0,-127,128000,65535
2022-10-07 21:42:02.073450,0,-120,130560,65535
2022-10-07 21:42:02.124657,0,-112,130560,65535
2022-10-07 21:42:02.176133,0,-104,130560,65535
2022-10-07 21:42:02.227374,0,-96,130560,65535
2022-10-07 21:42:02.278637,0,-88,130560,65535
2022-10-07 21:42:02.329752,0,-80,130560,65535
2022-10-07 21:42:02.381014,0,-72,130560,65535
2022-10-07 21:42:02.432203,0,-64,143360,65535
2022-10-07 21:42:02.984188,0,-56,225280,65535
2022-10-07 21:42:03.035397,0,-48,478720,65535
2022-10-07 21:42:03.086370,0,-40,10449920,65535
2022-10-07 21:42:03.237616,0,-32,167769600,27
2022-10-07 21:42:03.389250,0,-24,167769600,0
2022-10-07 21:42:03.389281,0,-16,167769600,0
2022-10-07 21:42:03.389295,0,-8,167769600,0
2022-10-07 21:42:03.440569,0,127,130560,65535
2022-10-07 21:42:03.992345,0,120,133120,65535
2022-10-07 21:42:04.043500,0,112,133120,65535
2022-10-07 21:42:04.094819,0,104,133120,65535
2022-10-07 21:42:04.145807,0,96,133120,65535
2022-10-07 21:42:04.197029,0,88,133120,65535
2022-10-07 21:42:04.248308,0,80,133120,65535
2022-10-07 21:42:04.299592,0,72,133120,65535
2022-10-07 21:42:04.350782,0,64,143360,65535
2022-10-07 21:42:04.401913,0,56,204800,65535
2022-10-07 21:42:04.453109,0,48,389120,65535
2022-10-07 21:42:05.005156,0,40,5296640,65535
2022-10-07 21:42:05.156910,0,32,167769600,56
2022-10-07 21:42:05.308210,0,24,167769600,0
2022-10-07 21:42:05.308241,0,16,167769600,0
2022-10-07 21:42:05.308255,0,8,167769600,0
2022-10-07 21:42:05.459731,0,0,167769600,0
2022-10-07 21:42:06.011322,8,-127,128000,65535
2022-10-07 21:42:06.062404,8,-120,130560,65535
2022-10-07 21:42:06.113462,8,-112,130560,65535
2022-10-07 21:42:06.164498,8,-104,130560,65535
2022-10-07 21:42:06.215492,8,-96,130560,65535
2022-10-07 21:42:06.266500,8,-88,130560,65535
2022-10-07 21:42:06.317528,8,-80,130560,65535
2022-10-07 21:42:06.368538,8,-72,130560,65535
2022-10-07 21:42:06.419529,8,-64,138240,65535
2022-10-07 21:42:06.470526,8,-56,212480,65535
2022-10-07 21:42:07.022374,8,-48,527360,65535
2022-10-07 21:42:07.073483,8,-40,34629120,65535
2022-10-07 21:42:07.224809,8,-32,167769600,0
2022-10-07 21:42:07.224843,8,-24,167769600,0
2022-10-07 21:42:07.224857,8,-16,167769600,0
2022-10-07 21:42:07.224869,8,-8,167769600,0
2022-10-07 21:42:07.275755,8,127,130560,65535
2022-10-07 21:42:07.326699,8,120,133120,65535
2022-10-07 21:42:07.377850,8,112,133120,65535
2022-10-07 21:42:07.428989,8,104,133120,65535
2022-10-07 21:42:07.480146,8,96,133120,65535
2022-10-07 21:42:08.031859,8,88,133120,65535
2022-10-07 21:42:08.083040,8,80,133120,65535
2022-10-07 21:42:08.134210,8,72,133120,65535
2022-10-07 21:42:08.185339,8,64,140800,65535
2022-10-07 21:42:08.236482,8,56,204800,65535
2022-10-07 21:42:08.287532,8,48,463360,65535
2022-10-07 21:42:08.338721,8,40,25095680,65535
2022-10-07 21:42:08.489992,8,32,167769600,2
2022-10-07 21:42:09.142181,8,24,167769600,0
2022-10-07 21:42:09.142212,8,16,167769600,0
2022-10-07 21:42:09.142226,8,8,167769600,0
2022-10-07 21:42:09.293807,8,0,167769600,0
2022-10-07 21:42:09.345004,16,-127,128000,65535
2022-10-07 21:42:09.396158,16,-120,130560,65535
2022-10-07 21:42:09.447287,16,-112,130560,65535
2022-10-07 21:42:09.498464,16,-104,130560,65535
2022-10-07 21:42:10.050271,16,-96,130560,65535
2022-10-07 21:42:10.101719,16,-88,130560,65535
2022-10-07 21:42:10.153301,16,-80,130560,65535
2022-10-07 21:42:10.204437,16,-72,130560,65535
2022-10-07 21:42:10.255589,16,-64,140800,65535
2022-10-07 21:42:10.306789,16,-56,220160,65535
2022-10-07 21:42:10.357930,16,-48,678400,65535
2022-10-07 21:42:10.509329,16,-40,167769600,21062
2022-10-07 21:42:11.161445,16,-32,167769600,0
2022-10-07 21:42:11.161477,16,-24,167769600,0
2022-10-07 21:42:11.161491,16,-16,167769600,0
2022-10-07 21:42:11.161504,16,-8,167769600,0
2022-10-07 21:42:11.212645,16,127,130560,65535
2022-10-07 21:42:11.263842,16,120,133120,65535
2022-10-07 21:42:11.314983,16,112,133120,65535
2022-10-07 21:42:11.366035,16,104,133120,65535
2022-10-07 21:42:11.417196,16,96,133120,65535
2022-10-07 21:42:11.468388,16,88,133120,65535
2022-10-07 21:42:11.519498,16,80,133120,65535
2022-10-07 21:42:12.071262,16,72,133120,65535
2022-10-07 21:42:12.122386,16,64,143360,65535
2022-10-07 21:42:12.173516,16,56,212480,65535
2022-10-07 21:42:12.224680,16,48,517120,65535
2022-10-07 21:42:12.376216,16,40,149304320,65535
2022-10-07 21:42:12.527637,16,32,167769600,0
2022-10-07 21:42:12.527668,16,24,167769600,0
2022-10-07 21:42:12.527681,16,16,167769600,0
2022-10-07 21:42:12.527694,16,8,167769600,0
2022-10-07 21:42:13.179943,16,0,167769600,0
2022-10-07 21:42:13.231001,24,-127,128000,65535
2022-10-07 21:42:13.281917,24,-120,130560,65535
2022-10-07 21:42:13.332905,24,-112,130560,65535
2022-10-07 21:42:13.383905,24,-104,130560,65535
2022-10-07 21:42:13.434905,24,-96,130560,65535
2022-10-07 21:42:13.485911,24,-88,130560,65535
2022-10-07 21:42:13.537111,24,-80,130560,65535
2022-10-07 21:42:14.088828,24,-72,130560,65535
2022-10-07 21:42:14.140018,24,-64,138240,65535
2022-10-07 21:42:14.191150,24,-56,222720,65535
2022-10-07 21:42:14.242287,24,-48,819200,65535
2022-10-07 21:42:14.393705,24,-40,167769600,1897
2022-10-07 21:42:14.545221,24,-32,167769600,0
2022-10-07 21:42:14.545252,24,-24,167769600,0
2022-10-07 21:42:14.545266,24,-16,167769600,0
2022-10-07 21:42:14.545279,24,-8,167769600,0
2022-10-07 21:42:15.097224,24,127,130560,65535
2022-10-07 21:42:15.148315,24,120,133120,65535
2022-10-07 21:42:15.199530,24,112,133120,65535
2022-10-07 21:42:15.250682,24,104,133120,65535
2022-10-07 21:42:15.301982,24,96,133120,65535
2022-10-07 21:42:15.353191,24,88,133120,65535
2022-10-07 21:42:15.404358,24,80,133120,65535
2022-10-07 21:42:15.455495,24,72,133120,65535
2022-10-07 21:42:15.506689,24,64,140800,65535
2022-10-07 21:42:15.557988,24,56,209920,65535
2022-10-07 21:42:16.109828,24,48,599040,65535
2022-10-07 21:42:16.261520,24,40,167769600,23559
2022-10-07 21:42:16.413081,24,32,167769600,0
2022-10-07 21:42:16.413120,24,24,167769600,0
2022-10-07 21:42:16.413137,24,16,167769600,0
2022-10-07 21:42:16.413152,24,8,167769600,0
2022-10-07 21:42:16.564594,24,0,167769600,0
2022-10-07 21:42:17.116429,32,-127,128000,65535
2022-10-07 21:42:17.167577,32,-120,130560,65535
2022-10-07 21:42:17.218739,32,-112,130560,65535
2022-10-07 21:42:17.269937,32,-104,130560,65535
2022-10-07 21:42:17.320965,32,-96,130560,65535
2022-10-07 21:42:17.371991,32,-88,130560,65535
2022-10-07 21:42:17.423199,32,-80,130560,65535
2022-10-07 21:42:17.474132,32,-72,130560,65535
2022-10-07 21:42:17.525138,32,-64,138240,65535
2022-10-07 21:42:17.576126,32,-56,209920,65535
2022-10-07 21:42:18.127702,32,-48,663040,65535
2022-10-07 21:42:18.279175,32,-40,167769600,19692
2022-10-07 21:42:18.430827,32,-32,167769600,0
2022-10-07 21:42:18.430857,32,-24,167769600,0
2022-10-07 21:42:18.430871,32,-16,167769600,0
2022-10-07 21:42:18.430883,32,-8,167769600,0
2022-10-07 21:42:18.482076,32,127,130560,65535
2022-10-07 21:42:18.533269,32,120,133120,65535
2022-10-07 21:42:18.584392,32,112,133120,65535
2022-10-07 21:42:19.136376,32,104,133120,65535
2022-10-07 21:42:19.187424,32,96,133120,65535
2022-10-07 21:42:19.238513,32,88,133120,65535
2022-10-07 21:42:19.289753,32,80,133120,65535
2022-10-07 21:42:19.340911,32,72,133120,65535
2022-10-07 21:42:19.392228,32,64,140800,65535
2022-10-07 21:42:19.443382,32,56,204800,65535
2022-10-07 21:42:19.494408,32,48,583680,65535
2022-10-07 21:42:19.545500,32,40,57433600,65535
2022-10-07 21:42:20.197537,32,32,167769600,4
2022-10-07 21:42:20.348978,32,24,167769600,0
2022-10-07 21:42:20.349022,32,16,167769600,0
2022-10-07 21:42:20.349037,32,8,167769600,0
2022-10-07 21:42:20.500760,32,0,167769600,0
2022-10-07 21:42:20.551954,40,-127,128000,65535
2022-10-07 21:42:20.603299,40,-120,130560,65535
2022-10-07 21:42:20.654513,40,-112,130560,65535
2022-10-07 21:42:21.206370,40,-104,130560,65535
2022-10-07 21:42:21.257506,40,-96,130560,65535
2022-10-07 21:42:21.308649,40,-88,130560,65535
2022-10-07 21:42:21.359791,40,-80,130560,65535
2022-10-07 21:42:21.411257,40,-72,130560,65535
2022-10-07 21:42:21.462392,40,-64,138240,65535
2022-10-07 21:42:21.513477,40,-56,207360,65535
2022-10-07 21:42:21.564608,40,-48,583680,65535
2022-10-07 21:42:21.615739,40,-40,34332160,65535
2022-10-07 21:42:22.267808,40,-32,167769600,56
2022-10-07 21:42:22.419303,40,-24,167769600,0
2022-10-07 21:42:22.419335,40,-16,167769600,0
2022-10-07 21:42:22.419352,40,-8,167769600,0
2022-10-07 21:42:22.470296,40,127,130560,65535
2022-10-07 21:42:22.521276,40,120,133120,65535
2022-10-07 21:42:22.572275,40,112,133120,65535
2022-10-07 21:42:22.623433,40,104,133120,65535
2022-10-07 21:42:22.674478,40,96,133120,65535
2022-10-07 21:42:22.725732,40,88,133120,65535
2022-10-07 21:42:23.277473,40,80,133120,65535
2022-10-07 21:42:23.328602,40,72,133120,65535
2022-10-07 21:42:23.379782,40,64,138240,65535
2022-10-07 21:42:23.430944,40,56,192000,65535
2022-10-07 21:42:23.482173,40,48,496640,65535
2022-10-07 21:42:23.533222,40,40,6812160,65535
2022-10-07 21:42:23.684703,40,32,167769600,438
2022-10-07 21:42:24.336780,40,24,167769600,0
2022-10-07 21:42:24.336814,40,16,167769600,0
2022-10-07 21:42:24.336827,40,8,167769600,0
2022-10-07 21:42:24.488340,40,0,167769600,0
2022-10-07 21:42:24.539496,48,-127,128000,65535
2022-10-07 21:42:24.590674,48,-120,130560,65535
2022-10-07 21:42:24.641905,48,-112,130560,65535
2022-10-07 21:42:24.693082,48,-104,130560,65535
2022-10-07 21:42:24.744393,48,-96,130560,65535
2022-10-07 21:42:24.795623,48,-88,130560,65535
2022-10-07 21:42:25.347607,48,-80,130560,65535
2022-10-07 21:42:25.398943,48,-72,130560,65535
2022-10-07 21:42:25.450111,48,-64,138240,65535
2022-10-07 21:42:25.501409,48,-56,192000,65535
2022-10-07 21:42:25.552614,48,-48,407040,65535
2022-10-07 21:42:25.603659,48,-40,3722240,65535
2022-10-07 21:42:25.755216,48,-32,167769600,7945
2022-10-07 21:42:26.407544,48,-24,167769600,12
2022-10-07 21:42:26.558954,48,-16,167769600,0
2022-10-07 21:42:26.558985,48,-8,167769600,0
2022-10-07 21:42:26.610142,48,127,130560,65535
2022-10-07 21:42:26.661416,48,120,133120,65535
2022-10-07 21:42:26.712555,48,112,133120,65535
2022-10-07 21:42:26.763747,48,104,133120,65535
2022-10-07 21:42:26.814999,48,96,133120,65535
2022-10-07 21:42:26.866280,48,88,133120,65535
2022-10-07 21:42:27.418272,48,80,133120,65535
2022-10-07 21:42:27.469480,48,72,133120,65535
2022-10-07 21:42:27.520804,48,64,138240,65535
2022-10-07 21:42:27.571816,48,56,192000,65535
2022-10-07 21:42:27.622940,48,48,437760,65535
2022-10-07 21:42:27.674096,48,40,2022400,65535
2022-10-07 21:42:27.825705,48,32,167769600,20278
2022-10-07 21:42:28.478124,48,24,167769600,2
2022-10-07 21:42:28.629643,48,16,167769600,0
2022-10-07 21:42:28.629677,48,8,167769600,0
2022-10-07 21:42:28.781106,48,0,167769600,0
2022-10-07 21:42:28.832314,56,-127,128000,65535
2022-10-07 21:42:28.883424,56,-120,130560,65535
2022-10-07 21:42:28.934649,56,-112,130560,65535
2022-10-07 21:42:29.486509,56,-104,130560,65535
2022-10-07 21:42:29.537693,56,-96,130560,65535
2022-10-07 21:42:29.588869,56,-88,130560,65535
2022-10-07 21:42:29.640086,56,-80,130560,65535
2022-10-07 21:42:29.691383,56,-72,130560,65535
2022-10-07 21:42:29.742618,56,-64,138240,65535
2022-10-07 21:42:29.793765,56,-56,184320,65535
2022-10-07 21:42:29.844915,56,-48,317440,65535
2022-10-07 21:42:29.896145,56,-40,967680,65535
2022-10-07 21:42:29.947388,56,-32,35456000,65535
2022-10-07 21:42:30.599695,56,-24,167769600,1487
2022-10-07 21:42:30.751221,56,-16,167769600,2
2022-10-07 21:42:30.902673,56,-8,167769600,0
2022-10-07 21:42:30.953963,56,127,130560,65535
2022-10-07 21:42:31.505703,56,120,133120,65535
2022-10-07 21:42:31.556742,56,112,133120,65535
2022-10-07 21:42:31.607941,56,104,133120,65535
2022-10-07 21:42:31.659162,56,96,133120,65535
2022-10-07 21:42:31.710303,56,88,133120,65535
2022-10-07 21:42:31.761454,56,80,133120,65535
2022-10-07 21:42:31.812802,56,72,133120,65535
2022-10-07 21:42:31.863895,56,64,138240,65535
2022-10-07 21:42:31.915025,56,56,192000,65535
2022-10-07 21:42:31.966279,56,48,353280,65535
2022-10-07 21:42:32.518230,56,40,913920,65535
2022-10-07 21:42:32.569511,56,32,24675840,65535
2022-10-07 21:42:32.721267,56,24,167769600,885
2022-10-07 21:42:32.872707,56,16,167769600,0
2022-10-07 21:42:32.872737,56,8,167769600,0
2022-10-07 21:42:33.524827,56,0,167769600,0
2022-10-07 21:42:33.575792,64,-127,128000,65535
2022-10-07 21:42:33.626786,64,-120,130560,65535
2022-10-07 21:42:33.677773,64,-112,130560,65535
2022-10-07 21:42:33.728753,64,-104,130560,65535
2022-10-07 21:42:33.779744,64,-96,130560,65535
2022-10-07 21:42:33.830894,64,-88,130560,65535
2022-10-07 21:42:33.881826,64,-80,130560,65535
2022-10-07 21:42:33.932792,64,-72,130560,65535
2022-10-07 21:42:33.984338,64,-64,138240,65535
2022-10-07 21:42:34.536129,64,-56,192000,65535
2022-10-07 21:42:34.587271,64,-48,276480,65535
2022-10-07 21:42:34.638399,64,-40,486400,65535
2022-10-07 21:42:34.689526,64,-32,3010560,65535
2022-10-07 21:42:34.841198,64,-24,114288640,65535
2022-10-07 21:42:34.992783,64,-16,167769600,151
2022-10-07 21:42:35.645043,64,-8,167769600,1
2022-10-07 21:42:35.696128,64,127,130560,65535
2022-10-07 21:42:35.747262,64,120,133120,65535
2022-10-07 21:42:35.798512,64,112,133120,65535
2022-10-07 21:42:35.849812,64,104,133120,65535
2022-10-07 21:42:35.901191,64,96,133120,65535
2022-10-07 21:42:35.952248,64,88,133120,65535
2022-10-07 21:42:36.003431,64,80,133120,65535
2022-10-07 21:42:36.555336,64,72,133120,65535
2022-10-07 21:42:36.606532,64,64,138240,65535
2022-10-07 21:42:36.657781,64,56,184320,65535
2022-10-07 21:42:36.708961,64,48,294400,65535
2022-10-07 21:42:36.760216,64,40,514560,65535
2022-10-07 21:42:36.811401,64,32,2749440,65535
2022-10-07 21:42:36.962808,64,24,167769600,60726
2022-10-07 21:42:37.614951,64,16,167769600,72
2022-10-07 21:42:37.766519,64,8,167769600,0
2022-10-07 21:42:37.918084,64,0,167769600,0
2022-10-07 21:42:37.969284,72,-127,128000,65535
2022-10-07 21:42:38.020421,72,-120,130560,65535
2022-10-07 21:42:38.071523,72,-112,130560,65535
2022-10-07 21:42:38.623404,72,-104,130560,65535
2022-10-07 21:42:38.674500,72,-96,130560,65535
2022-10-07 21:42:38.725637,72,-88,130560,65535
2022-10-07 21:42:38.776926,72,-80,130560,65535
2022-10-07 21:42:38.828123,72,-72,130560,65535
2022-10-07 21:42:38.879242,72,-64,138240,65535
2022-10-07 21:42:38.930366,72,-56,194560,65535
2022-10-07 21:42:38.981343,72,-48,263680,65535
2022-10-07 21:42:39.032453,72,-40,335360,65535
2022-10-07 21:42:39.083733,72,-32,862720,65535
2022-10-07 21:42:39.635609,72,-24,7111680,65535
2022-10-07 21:42:39.787026,72,-16,167769600,17681
2022-10-07 21:42:39.938483,72,-8,167769600,19
2022-10-07 21:42:39.989611,72,127,130560,65535
2022-10-07 21:42:40.040722,72,120,133120,65535
2022-10-07 21:42:40.091870,72,112,133120,65535
2022-10-07 21:42:40.643577,72,104,133120,65535
2022-10-07 21:42:40.694750,72,96,133120,65535
2022-10-07 21:42:40.746053,72,88,133120,65535
2022-10-07 21:42:40.797254,72,80,133120,65535
2022-10-07 21:42:40.848307,72,72,133120,65535
2022-10-07 21:42:40.899507,72,64,138240,65535
2022-10-07 21:42:40.950660,72,56,186880,65535
2022-10-07 21:42:41.001857,72,48,268800,65535
2022-10-07 21:42:41.053070,72,40,371200,65535
2022-10-07 21:42:41.104423,72,32,998400,65535
2022-10-07 21:42:41.656256,72,24,14428160,65535
2022-10-07 21:42:41.807737,72,16,167769600,4705
2022-10-07 21:42:41.959285,72,8,167769600,4
2022-10-07 21:42:42.110523,72,0,167769600,0
2022-10-07 21:42:42.662333,80,-127,128000,65535
2022-10-07 21:42:42.713451,80,-120,130560,65535
2022-10-07 21:42:42.764545,80,-112,130560,65535
2022-10-07 21:42:42.815678,80,-104,130560,65535
2022-10-07 21:42:42.866832,80,-96,130560,65535
2022-10-07 21:42:42.918123,80,-88,130560,65535
2022-10-07 21:42:42.969450,80,-80,130560,65535
2022-10-07 21:42:43.020545,80,-72,130560,65535
2022-10-07 21:42:43.071789,80,-64,138240,65535
2022-10-07 21:42:43.122992,80,-56,192000,65535
2022-10-07 21:42:43.675112,80,-48,258560,65535
2022-10-07 21:42:43.726461,80,-40,276480,65535
2022-10-07 21:42:43.777461,80,-32,422400,65535
2022-10-07 21:42:43.828664,80,-24,1315840,65535
2022-10-07 21:42:43.879864,80,-16,22717440,65535
2022-10-07 21:42:44.031427,80,-8,167769600,2662
2022-10-07 21:42:44.082623,80,127,130560,65535
2022-10-07 21:42:44.134006,80,120,133120,65535
2022-10-07 21:42:44.685638,80,112,133120,65535
2022-10-07 21:42:44.736923,80,104,133120,65535
2022-10-07 21:42:44.788048,80,96,133120,65535
2022-10-07 21:42:44.839447,80,88,133120,65535
2022-10-07 21:42:44.890484,80,80,133120,65535
2022-10-07 21:42:44.941604,80,72,133120,65535
2022-10-07 21:42:44.992805,80,64,138240,65535
2022-10-07 21:42:45.044004,80,56,186880,65535
2022-10-07 21:42:45.095232,80,48,263680,65535
2022-10-07 21:42:45.146372,80,40,291840,65535
2022-10-07 21:42:45.697891,80,32,494080,65535
2022-10-07 21:42:45.749038,80,24,2030080,65535
2022-10-07 21:42:45.900456,80,16,83901440,65535
2022-10-07 21:42:46.051862,80,8,167769600,343
2022-10-07 21:42:46.704086,80,0,167769600,0
2022-10-07 21:42:46.755309,88,-127,128000,65535
2022-10-07 21:42:46.806469,88,-120,130560,65535
2022-10-07 21:42:46.857516,88,-112,130560,65535
2022-10-07 21:42:46.908636,88,-104,130560,65535
2022-10-07 21:42:46.959768,88,-96,130560,65535
2022-10-07 21:42:47.010936,88,-88,130560,65535
2022-10-07 21:42:47.062123,88,-80,130560,65535
2022-10-07 21:42:47.113319,88,-72,130560,65535
2022-10-07 21:42:47.164627,88,-64,138240,65535
2022-10-07 21:42:47.717032,88,-56,204800,65535
2022-10-07 21:42:47.768251,88,-48,258560,65535
2022-10-07 21:42:47.819282,88,-40,261120,65535
2022-10-07 21:42:47.870271,88,-32,309760,65535
2022-10-07 21:42:47.921447,88,-24,532480,65535
2022-10-07 21:42:47.972405,88,-16,2810880,65535
2022-10-07 21:42:48.123914,88,-8,110215680,65535
2022-10-07 21:42:48.175091,88,127,133120,65535
2022-10-07 21:42:48.726841,88,120,133120,65535
2022-10-07 21:42:48.778013,88,112,133120,65535
2022-10-07 21:42:48.829194,88,104,133120,65535
2022-10-07 21:42:48.880390,88,96,133120,65535
2022-10-07 21:42:48.931422,88,88,133120,65535
2022-10-07 21:42:48.982424,88,80,133120,65535
2022-10-07 21:42:49.033569,88,72,133120,65535
2022-10-07 21:42:49.084634,88,64,140800,65535
2022-10-07 21:42:49.135950,88,56,186880,65535
2022-10-07 21:42:49.187186,88,48,258560,65535
2022-10-07 21:42:49.738997,88,40,268800,65535
2022-10-07 21:42:49.790189,88,32,340480,65535
2022-10-07 21:42:49.841477,88,24,739840,65535
2022-10-07 21:42:49.892620,88,16,6627840,65535
2022-10-07 21:42:50.043984,88,8,167769600,22359
2022-10-07 21:42:50.195601,88,0,167769600,449
2022-10-07 21:42:50.747411,96,-127,128000,65535
2022-10-07 21:42:50.798569,96,-120,130560,65535
2022-10-07 21:42:50.849764,96,-112,130560,65535
2022-10-07 21:42:50.901015,96,-104,130560,65535
2022-10-07 21:42:50.952251,96,-96,130560,65535
2022-10-07 21:42:51.003486,96,-88,130560,65535
2022-10-07 21:42:51.054695,96,-80,130560,65535
2022-10-07 21:42:51.105868,96,-72,130560,65535
2022-10-07 21:42:51.157147,96,-64,140800,65535
2022-10-07 21:42:51.208358,96,-56,197120,65535
2022-10-07 21:42:51.760176,96,-48,261120,65535
2022-10-07 21:42:51.811348,96,-40,258560,65535
2022-10-07 21:42:51.862648,96,-32,271360,65535
2022-10-07 21:42:51.913744,96,-24,330240,65535
2022-10-07 21:42:51.964896,96,-16,821760,65535
2022-10-07 21:42:52.016181,96,-8,8652800,65535
2022-10-07 21:42:52.067459,96,127,130560,65535
2022-10-07 21:42:52.118636,96,120,133120,65535
2022-10-07 21:42:52.169780,96,112,133120,65535
2022-10-07 21:42:52.220931,96,104,133120,65535
2022-10-07 21:42:52.772689,96,96,133120,65535
2022-10-07 21:42:52.823853,96,88,133120,65535
2022-10-07 21:42:52.875092,96,80,133120,65535
2022-10-07 21:42:52.926303,96,72,133120,65535
2022-10-07 21:42:52.977467,96,64,140800,65535
2022-10-07 21:42:53.028798,96,56,189440,65535
2022-10-07 21:42:53.079840,96,48,261120,65535
2022-10-07 21:42:53.131028,96,40,261120,65535
2022-10-07 21:42:53.182222,96,32,279040,65535
2022-10-07 21:42:53.233444,96,24,412160,65535
2022-10-07 21:42:53.785283,96,16,1280000,65535
2022-10-07 21:42:53.836433,96,8,22668800,65535
2022-10-07 21:42:53.987903,96,0,167769600,32826
2022-10-07 21:42:54.039127,104,-127,128000,65535
2022-10-07 21:42:54.090353,104,-120,130560,65535
2022-10-07 21:42:54.141442,104,-112,130560,65535
2022-10-07 21:42:54.192617,104,-104,130560,65535
2022-10-07 21:42:54.243787,104,-96,130560,65535
2022-10-07 21:42:54.795508,104,-88,130560,65535
2022-10-07 21:42:54.846705,104,-80,130560,65535
2022-10-07 21:42:54.897851,104,-72,130560,65535
2022-10-07 21:42:54.948985,104,-64,140800,65535
2022-10-07 21:42:55.000145,104,-56,199680,65535
2022-10-07 21:42:55.051318,104,-48,258560,65535
2022-10-07 21:42:55.102476,104,-40,258560,65535
2022-10-07 21:42:55.153745,104,-32,261120,65535
2022-10-07 21:42:55.204856,104,-24,273920,65535
2022-10-07 21:42:55.256040,104,-16,404480,65535
2022-10-07 21:42:55.807854,104,-8,1443840,65535
2022-10-07 21:42:55.859003,104,127,133120,65535
2022-10-07 21:42:55.910214,104,120,133120,65535
2022-10-07 21:42:55.961378,104,112,133120,65535
2022-10-07 21:42:56.012505,104,104,133120,65535
2022-10-07 21:42:56.063611,104,96,133120,65535
2022-10-07 21:42:56.114668,104,88,133120,65535
2022-10-07 21:42:56.165848,104,80,133120,65535
2022-10-07 21:42:56.216956,104,72,133120,65535
2022-10-07 21:42:56.268172,104,64,140800,65535
2022-10-07 21:42:56.820027,104,56,192000,65535
2022-10-07 21:42:56.871201,104,48,258560,65535
2022-10-07 21:42:56.922353,104,40,261120,65535
2022-10-07 21:42:56.973494,104,32,263680,65535
2022-10-07 21:42:57.024849,104,24,307200,65535
2022-10-07 21:42:57.076126,104,16,555520,65535
2022-10-07 21:42:57.127362,104,8,3038720,65535
2022-10-07 21:42:57.178530,104,0,14914560,65535
2022-10-07 21:42:57.229615,112,-127,130560,65535
2022-10-07 21:42:57.280616,112,-120,130560,65535
2022-10-07 21:42:57.832495,112,-112,130560,65535
2022-10-07 21:42:57.883691,112,-104,130560,65535
2022-10-07 21:42:57.935045,112,-96,130560,65535
2022-10-07 21:42:57.986194,112,-88,130560,65535
2022-10-07 21:42:58.037435,112,-80,130560,65535
2022-10-07 21:42:58.088715,112,-72,130560,65535
2022-10-07 21:42:58.139902,112,-64,140800,65535
2022-10-07 21:42:58.190999,112,-56,199680,65535
2022-10-07 21:42:58.242876,112,-48,258560,65535
2022-10-07 21:42:58.294089,112,-40,261120,65535
2022-10-07 21:42:58.845960,112,-32,261120,65535
2022-10-07 21:42:58.897215,112,-24,263680,65535
2022-10-07 21:42:58.948460,112,-16,291840,65535
2022-10-07 21:42:58.999689,112,-8,578560,65535
2022-10-07 21:42:59.051016,112,127,133120,65535
2022-10-07 21:42:59.102122,112,120,133120,65535
2022-10-07 21:42:59.153323,112,112,133120,65535
2022-10-07 21:42:59.204587,112,104,133120,65535
2022-10-07 21:42:59.255947,112,96,133120,65535
2022-10-07 21:42:59.307039,112,88,133120,65535
2022-10-07 21:42:59.859053,112,80,133120,65535
2022-10-07 21:42:59.910287,112,72,133120,65535
2022-10-07 21:42:59.961407,112,64,140800,65535
2022-10-07 21:43:00.012520,112,56,192000,65535
2022-10-07 21:43:00.063589,112,48,261120,65535
2022-10-07 21:43:00.114773,112,40,261120,65535
2022-10-07 21:43:00.166118,112,32,261120,65535
2022-10-07 21:43:00.217161,112,24,268800,65535
2022-10-07 21:43:00.268345,112,16,348160,65535
2022-10-07 21:43:00.319570,112,8,888320,65535
2022-10-07 21:43:00.871404,112,0,2081280,65535
2022-10-07 21:43:00.922521,120,-127,130560,65535
2022-10-07 21:43:00.973698,120,-120,130560,65535
2022-10-07 21:43:01.024768,120,-112,130560,65535
2022-10-07 21:43:01.075965,120,-104,130560,65535
2022-10-07 21:43:01.127149,120,-96,130560,65535
2022-10-07 21:43:01.178322,120,-88,130560,65535
2022-10-07 21:43:01.229544,120,-80,130560,65535
2022-10-07 21:43:01.280709,120,-72,130560,65535
2022-10-07 21:43:01.331946,120,-64,138240,65535
2022-10-07 21:43:01.883743,120,-56,199680,65535
2022-10-07 21:43:01.934952,120,-48,261120,65535
2022-10-07 21:43:01.986152,120,-40,261120,65535
2022-10-07 21:43:02.037228,120,-32,261120,65535
2022-10-07 21:43:02.088355,120,-24,261120,65535
2022-10-07 21:43:02.139525,120,-16,266240,65535
2022-10-07 21:43:02.190682,120,-8,348160,65535
2022-10-07 21:43:02.241878,120,127,133120,65535
2022-10-07 21:43:02.293164,120,120,133120,65535
2022-10-07 21:43:02.344216,120,112,133120,65535
2022-10-07 21:43:02.896095,120,104,133120,65535
2022-10-07 21:43:02.947246,120,96,133120,65535
2022-10-07 21:43:02.998323,120,88,133120,65535
2022-10-07 21:43:03.049539,120,80,133120,65535
2022-10-07 21:43:03.100746,120,72,133120,65535
2022-10-07 21:43:03.151945,120,64,140800,65535
2022-10-07 21:43:03.203149,120,56,192000,65535
2022-10-07 21:43:03.254271,120,48,258560,65535
2022-10-07 21:43:03.305394,120,40,261120,65535
2022-10-07 21:43:03.356511,120,32,261120,65535
2022-10-07 21:43:03.908310,120,24,263680,65535
2022-10-07 21:43:03.959444,120,16,281600,65535
2022-10-07 21:43:04.010545,120,8,424960,65535
2022-10-07 21:43:04.061697,120,0,563200,65535
2022-10-07 21:43:04.112919,128,-127,130560,65535
2022-10-07 21:43:04.164140,128,-120,130560,65535
2022-10-07 21:43:04.215303,128,-112,130560,65535
2022-10-07 21:43:04.266422,128,-104,130560,65535
2022-10-07 21:43:04.317516,128,-96,130560,65535
2022-10-07 21:43:04.368774,128,-88,130560,65535
2022-10-07 21:43:04.920608,128,-80,130560,65535
2022-10-07 21:43:04.971805,128,-72,130560,65535
2022-10-07 21:43:05.022944,128,-64,138240,65535
2022-10-07 21:43:05.074188,128,-56,199680,65535
2022-10-07 21:43:05.125457,128,-48,258560,65535
2022-10-07 21:43:05.176594,128,-40,258560,65535
2022-10-07 21:43:05.227729,128,-32,261120,65535
2022-10-07 21:43:05.278927,128,-24,261120,65535
2022-10-07 21:43:05.330125,128,-16,261120,65535
2022-10-07 21:43:05.381304,128,-8,263680,65535
2022-10-07 21:43:05.933233,128,127,133120,65535
2022-10-07 21:43:05.984365,128,120,133120,65535
2022-10-07 21:43:06.035389,128,112,133120,65535
2022-10-07 21:43:06.086620,128,104,133120,65535
2022-10-07 21:43:06.137795,128,96,133120,65535
2022-10-07 21:43:06.189152,128,88,133120,65535
2022-10-07 21:43:06.240374,128,80,133120,65535
2022-10-07 21:43:06.291407,128,72,133120,65535
2022-10-07 21:43:06.342507,128,64,140800,65535
2022-10-07 21:43:06.393683,128,56,192000,65535
2022-10-07 21:43:06.945451,128,48,261120,65535
2022-10-07 21:43:06.996647,128,40,261120,65535
2022-10-07 21:43:07.047944,128,32,261120,65535
2022-10-07 21:43:07.099169,128,24,261120,65535
2022-10-07 21:43:07.150336,128,16,263680,65535
2022-10-07 21:43:07.201425,128,8,263680,65535
2022-10-07 21:43:07.252526,128,0,268800,65535
2022-10-07 21:43:08.106295,-72,0,335539200,36
2022-10-07 21:43:08.458543,-64,8,335539200,69
2022-10-07 21:43:09.110868,-64,0,335539200,0
2022-10-07 21:43:09.463133,-56,-8,335539200,5
2022-10-07 21:43:10.115418,-56,8,335539200,6
2022-10-07 21:43:10.467600,-56,0,335539200,0
2022-10-07 21:43:11.119518,-48,-8,335539200,0
2022-10-07 21:43:11.471515,-48,8,335539200,0
2022-10-07 21:43:12.123736,-48,0,335539200,0
2022-10-07 21:43:12.475860,-40,-16,335539200,21
2022-10-07 21:43:13.127943,-40,-8,335539200,0
2022-10-07 21:43:13.480032,-40,16,335539200,7
2022-10-07 21:43:14.132119,-40,8,335539200,0
2022-10-07 21:43:14.484262,-40,0,335539200,0
2022-10-07 21:43:15.136294,-32,-16,335539200,1
2022-10-07 21:43:15.488373,-32,-8,335539200,0
2022-10-07 21:43:16.140398,-32,16,335539200,0
2022-10-07 21:43:16.140433,-32,8,335539200,0
2022-10-07 21:43:16.492428,-32,0,335539200,0
2022-10-07 21:43:17.144452,-24,-16,335539200,0
2022-10-07 21:43:17.144486,-24,-8,335539200,0
2022-10-07 21:43:17.496653,-24,24,335539200,47
2022-10-07 21:43:18.148744,-24,16,335539200,0
2022-10-07 21:43:18.148784,-24,8,335539200,0
2022-10-07 21:43:18.501344,-24,0,335539200,0
2022-10-07 21:43:19.153410,-16,-24,335539200,5
2022-10-07 21:43:19.505952,-16,-16,335539200,0
2022-10-07 21:43:19.505990,-16,-8,335539200,0
2022-10-07 21:43:20.158139,-16,24,335539200,3
2022-10-07 21:43:20.510408,-16,16,335539200,0
2022-10-07 21:43:20.510439,-16,8,335539200,0
2022-10-07 21:43:21.162621,-16,0,335539200,0
2022-10-07 21:43:21.515012,-8,-24,335539200,0
2022-10-07 21:43:21.515050,-8,-16,335539200,0
2022-10-07 21:43:21.515095,-8,-8,335539200,0
2022-10-07 21:43:22.167370,-8,24,335539200,0
2022-10-07 21:43:22.167402,-8,16,335539200,0
2022-10-07 21:43:22.167416,-8,8,335539200,0
2022-10-07 21:43:22.519716,-8,0,335539200,0
2022-10-07 21:43:23.172102,0,-32,335539200,69
2022-10-07 21:43:23.524397,0,-24,335539200,0
2022-10-07 21:43:23.524428,0,-16,335539200,0
2022-10-07 21:43:23.524442,0,-8,335539200,0
2022-10-07 21:43:24.176590,0,24,335539200,0
2022-10-07 21:43:24.176626,0,16,335539200,0
2022-10-07 21:43:24.176640,0,8,335539200,0
2022-10-07 21:43:24.528942,0,0,335539200,0
2022-10-07 21:43:25.181206,8,-32,335539200,8
2022-10-07 21:43:25.533418,8,-24,335539200,0
2022-10-07 21:43:25.533453,8,-16,335539200,0
2022-10-07 21:43:25.533467,8,-8,335539200,0
2022-10-07 21:43:26.185481,8,32,335539200,6
2022-10-07 21:43:26.537572,8,24,335539200,0
2022-10-07 21:43:26.537605,8,16,335539200,0
2022-10-07 21:43:26.537618,8,8,335539200,0
2022-10-07 21:43:27.189691,8,0,335539200,0
2022-10-07 21:43:27.541759,16,-32,335539200,0
2022-10-07 21:43:27.541791,16,-24,335539200,0
2022-10-07 21:43:27.541804,16,-16,335539200,0
2022-10-07 21:43:27.541817,16,-8,335539200,0
2022-10-07 21:43:28.193799,16,32,335539200,0
2022-10-07 21:43:28.193833,16,24,335539200,0
2022-10-07 21:43:28.193847,16,16,335539200,0
2022-10-07 21:43:28.193859,16,8,335539200,0
2022-10-07 21:43:28.546079,16,0,335539200,0
2022-10-07 21:43:29.198260,24,-32,335539200,0
2022-10-07 21:43:29.198304,24,-24,335539200,0
2022-10-07 21:43:29.198320,24,-16,335539200,0
2022-10-07 21:43:29.198335,24,-8,335539200,0
2022-10-07 21:43:29.550467,24,32,335539200,0
2022-10-07 21:43:29.550498,24,24,335539200,0
2022-10-07 21:43:29.550511,24,16,335539200,0
2022-10-07 21:43:29.550524,24,8,335539200,0
2022-10-07 21:43:30.202767,24,0,335539200,0
2022-10-07 21:43:30.554940,32,-32,335539200,1
2022-10-07 21:43:31.207260,32,-24,335539200,0
2022-10-07 21:43:31.207296,32,-16,335539200,0
2022-10-07 21:43:31.207312,32,-8,335539200,0
2022-10-07 21:43:31.559418,32,32,335539200,3
2022-10-07 21:43:32.211531,32,24,335539200,0
2022-10-07 21:43:32.211569,32,16,335539200,0
2022-10-07 21:43:32.211586,32,8,335539200,0
2022-10-07 21:43:32.563783,32,0,335539200,0
2022-10-07 21:43:33.216105,40,-24,335539200,0
2022-10-07 21:43:33.216140,40,-16,335539200,0
2022-10-07 21:43:33.216155,40,-8,335539200,0
2022-10-07 21:43:33.568514,40,24,335539200,0
2022-10-07 21:43:33.568551,40,16,335539200,0
2022-10-07 21:43:33.568567,40,8,335539200,0
2022-10-07 21:43:34.220641,40,0,335539200,0
2022-10-07 21:43:34.572962,48,-24,335539200,18
2022-10-07 21:43:35.224975,48,-16,335539200,0
2022-10-07 21:43:35.225010,48,-8,335539200,0
2022-10-07 21:43:35.577100,48,24,335539200,6
2022-10-07 21:43:36.229251,48,16,335539200,0
2022-10-07 21:43:36.229284,48,8,335539200,0
2022-10-07 21:43:36.581528,48,0,335539200,0
2022-10-07 21:43:37.233495,56,-16,335539200,0
2022-10-07 21:43:37.233532,56,-8,335539200,0
2022-10-07 21:43:37.585611,56,16,335539200,0
2022-10-07 21:43:37.586410,56,8,335539200,0
2022-10-07 21:43:38.238265,56,0,335539200,0
2022-10-07 21:43:38.590379,64,-8,335539200,0
2022-10-07 21:43:39.242372,64,8,335539200,0
2022-10-07 21:43:39.594409,64,0,335539200,0
2022-10-07 21:43:40.246396,72,-8,335539200,30
2022-10-07 21:43:40.598552,72,8,335539200,5
2022-10-07 21:43:41.250596,72,0,335539200,0
2022-10-07 21:43:41.602880,80,0,335539200,1
2022-10-07 21:43:42.255378,-72,0,671078400,64
2022-10-07 21:43:43.308608,-64,0,671078400,2
2022-10-07 21:43:44.362026,-56,-8,671078400,23
2022-10-07 21:43:45.415384,-56,8,671078400,2
2022-10-07 21:43:46.469051,-56,0,671078400,0
2022-10-07 21:43:47.522506,-48,-8,671078400,0
2022-10-07 21:43:48.576121,-48,8,671078400,1
2022-10-07 21:43:49.629782,-48,0,671078400,0
2022-10-07 21:43:50.683228,-40,-16,671078400,72
2022-10-07 21:43:51.736602,-40,-8,671078400,0
2022-10-07 21:43:52.790225,-40,16,671078400,10
2022-10-07 21:43:53.843642,-40,8,671078400,0
2022-10-07 21:43:54.897137,-40,0,671078400,0
2022-10-07 21:43:55.950857,-32,-16,671078400,3
2022-10-07 21:43:57.004598,-32,-8,671078400,0
2022-10-07 21:43:58.058627,-32,16,671078400,0
2022-10-07 21:43:58.058665,-32,8,671078400,0
2022-10-07 21:43:59.112169,-32,0,671078400,0
2022-10-07 21:44:00.165802,-24,-16,671078400,0
2022-10-07 21:44:00.165835,-24,-8,671078400,0
2022-10-07 21:44:01.219403,-24,24,671078400,91
2022-10-07 21:44:02.272683,-24,16,671078400,0
2022-10-07 21:44:02.272723,-24,8,671078400,0
2022-10-07 21:44:03.326368,-24,0,671078400,0
2022-10-07 21:44:04.379922,-16,-24,671078400,13
2022-10-07 21:44:05.433403,-16,-16,671078400,0
2022-10-07 21:44:05.433437,-16,-8,671078400,0
2022-10-07 21:44:06.487114,-16,24,671078400,2
2022-10-07 21:44:07.540651,-16,16,671078400,0
2022-10-07 21:44:07.540689,-16,8,671078400,0
2022-10-07 21:44:08.594442,-16,0,671078400,0
2022-10-07 21:44:09.647843,-8,-24,671078400,0
2022-10-07 21:44:09.647876,-8,-16,671078400,0
2022-10-07 21:44:09.647891,-8,-8,671078400,0
2022-10-07 21:44:10.701379,-8,24,671078400,2
2022-10-07 21:44:11.754693,-8,16,671078400,0
2022-10-07 21:44:11.754730,-8,8,671078400,0
2022-10-07 21:44:12.808016,-8,0,671078400,0
2022-10-07 21:44:13.861382,0,-24,671078400,0
2022-10-07 21:44:13.861417,0,-16,671078400,0
2022-10-07 21:44:13.861431,0,-8,671078400,0
2022-10-07 21:44:14.915120,0,24,671078400,0
2022-10-07 21:44:14.915159,0,16,671078400,0
2022-10-07 21:44:14.915176,0,8,671078400,0
2022-10-07 21:44:15.968500,0,0,671078400,0
2022-10-07 21:44:17.021789,8,-32,671078400,6
2022-10-07 21:44:18.075103,8,-24,671078400,0
2022-10-07 21:44:18.075137,8,-16,671078400,0
2022-10-07 21:44:18.075151,8,-8,671078400,0
2022-10-07 21:44:19.128497,8,32,671078400,13
2022-10-07 21:44:20.181972,8,24,671078400,0
2022-10-07 21:44:20.182008,8,16,671078400,0
2022-10-07 21:44:20.182021,8,8,671078400,0
2022-10-07 21:44:21.235688,8,0,671078400,0
2022-10-07 21:44:22.289369,16,-32,671078400,0
2022-10-07 21:44:22.289402,16,-24,671078400,0
2022-10-07 21:44:22.289416,16,-16,671078400,0
2022-10-07 21:44:22.289429,16,-8,671078400,0
2022-10-07 21:44:23.343004,16,32,671078400,1
2022-10-07 21:44:24.396799,16,24,671078400,0
2022-10-07 21:44:24.396832,16,16,671078400,0
2022-10-07 21:44:24.396846,16,8,671078400,0
2022-10-07 21:44:25.450720,16,0,671078400,0
2022-10-07 21:44:26.504260,24,-32,671078400,0
2022-10-07 21:44:26.504293,24,-24,671078400,0
2022-10-07 21:44:26.504306,24,-16,671078400,0
2022-10-07 21:44:26.504319,24,-8,671078400,0
2022-10-07 21:44:27.557982,24,32,671078400,0
2022-10-07 21:44:27.558014,24,24,671078400,0
2022-10-07 21:44:27.558027,24,16,671078400,0
2022-10-07 21:44:27.558039,24,8,671078400,0
2022-10-07 21:44:28.611542,24,0,671078400,0
2022-10-07 21:44:29.664975,32,-32,671078400,1
2022-10-07 21:44:30.718505,32,-24,671078400,0
2022-10-07 21:44:30.718542,32,-16,671078400,0
2022-10-07 21:44:30.718555,32,-8,671078400,0
2022-10-07 21:44:31.772349,32,32,671078400,4
2022-10-07 21:44:32.826006,32,24,671078400,0
2022-10-07 21:44:32.826046,32,16,671078400,0
2022-10-07 21:44:32.826091,32,8,671078400,0
2022-10-07 21:44:33.879449,32,0,671078400,0
2022-10-07 21:44:34.932887,40,-24,671078400,0
2022-10-07 21:44:34.932920,40,-16,671078400,0
2022-10-07 21:44:34.932934,40,-8,671078400,0
2022-10-07 21:44:35.986310,40,24,671078400,0
2022-10-07 21:44:35.986347,40,16,671078400,0
2022-10-07 21:44:35.986360,40,8,671078400,0
2022-10-07 21:44:37.039725,40,0,671078400,0
2022-10-07 21:44:38.093303,48,-24,671078400,46
2022-10-07 21:44:39.146725,48,-16,671078400,0
2022-10-07 21:44:39.146761,48,-8,671078400,0
2022-10-07 21:44:40.200346,48,24,671078400,12
2022-10-07 21:44:41.253802,48,16,671078400,0
2022-10-07 21:44:41.253836,48,8,671078400,0
2022-10-07 21:44:42.307351,48,0,671078400,0
2022-10-07 21:44:43.360564,56,-16,671078400,5
2022-10-07 21:44:44.413952,56,-8,671078400,0
2022-10-07 21:44:45.467704,56,16,671078400,0
2022-10-07 21:44:45.467735,56,8,671078400,0
2022-10-07 21:44:46.521175,56,0,671078400,0
2022-10-07 21:44:47.575223,64,-8,671078400,0
2022-10-07 21:44:48.628526,64,8,671078400,1
2022-10-07 21:44:49.682444,64,0,671078400,0
2022-10-07 21:44:50.736033,72,-8,671078400,52
2022-10-07 21:44:51.789588,72,8,671078400,14
2022-10-07 21:44:52.843014,72,0,671078400,0
2022-10-07 21:44:53.896511,80,0,671078400,6
