2022-10-07 21:36:06.894458,-128,-127,128000,65535
2022-10-07 21:36:06.945645,-128,-120,130560,65535
2022-10-07 21:36:06.996825,-128,-112,130560,65535
2022-10-07 21:36:07.548595,-128,-104,130560,65535
2022-10-07 21:36:07.599742,-128,-96,130560,65535
2022-10-07 21:36:07.650726,-128,-88,130560,65535
2022-10-07 21:36:07.701842,-128,-80,130560,65535
2022-10-07 21:36:07.752869,-128,-72,130560,65535
2022-10-07 21:36:07.804048,-128,-64,161280,65535
2022-10-07 21:36:07.855226,-128,-56,261120,65535
2022-10-07 21:36:07.906354,-128,-48,258560,65535
2022-10-07 21:36:07.957432,-128,-40,261120,65535
2022-10-07 21:36:08.008585,-128,-32,261120,65535
2022-10-07 21:36:08.560301,-128,-24,261120,65535
2022-10-07 21:36:08.611597,-128,-16,261120,65535
2022-10-07 21:36:08.662932,-128,-8,256000,65535
2022-10-07 21:36:08.713971,-128,127,130560,65535
2022-10-07 21:36:08.765160,-128,120,133120,65535
2022-10-07 21:36:08.816307,-128,112,133120,65535
2022-10-07 21:36:08.867484,-128,104,133120,65535
2022-10-07 21:36:08.918607,-128,96,133120,65535
2022-10-07 21:36:08.969879,-128,88,133120,65535
2022-10-07 21:36:09.020958,-128,80,133120,65535
2022-10-07 21:36:09.572779,-128,72,133120,65535
2022-10-07 21:36:09.623701,-128,64,168960,65535
2022-10-07 21:36:09.674672,-128,56,240640,65535
2022-10-07 21:36:09.725705,-128,48,261120,65535
2022-10-07 21:36:09.776884,-128,40,261120,65535
2022-10-07 21:36:09.827787,-128,32,261120,65535
2022-10-07 21:36:09.879083,-128,24,261120,65535
2022-10-07 21:36:09.929936,-128,16,258560,65535
2022-10-07 21:36:09.981144,-128,8,258560,65535
2022-10-07 21:36:10.032406,-128,0,258560,65535
2022-10-07 21:36:10.584398,-120,-127,130560,65535
2022-10-07 21:36:10.635535,-120,-120,130560,65535
2022-10-07 21:36:10.686546,-120,-112,130560,65535
2022-10-07 21:36:10.737735,-120,-104,130560,65535
2022-10-07 21:36:10.788737,-120,-96,130560,65535
2022-10-07 21:36:10.839904,-120,-88,130560,65535
2022-10-07 21:36:10.891096,-120,-80,130560,65535
2022-10-07 21:36:10.942239,-120,-72,133120,65535
2022-10-07 21:36:10.993389,-120,-64,171520,65535
2022-10-07 21:36:11.044519,-120,-56,258560,65535
2022-10-07 21:36:11.596388,-120,-48,261120,65535
2022-10-07 21:36:11.647480,-120,-40,261120,65535
2022-10-07 21:36:11.698600,-120,-32,261120,65535
2022-10-07 21:36:11.749685,-120,-24,261120,65535
2022-10-07 21:36:11.800745,-120,-16,273920,65535
2022-10-07 21:36:11.851797,-120,-8,376320,65535
2022-10-07 21:36:11.902933,-120,127,133120,65535
2022-10-07 21:36:11.953858,-120,120,133120,65535
2022-10-07 21:36:12.004830,-120,112,133120,65535
2022-10-07 21:36:12.055803,-120,104,133120,65535
2022-10-07 21:36:12.607596,-120,96,133120,65535
2022-10-07 21:36:12.658641,-120,88,133120,65535
2022-10-07 21:36:12.709704,-120,80,133120,65535
2022-10-07 21:36:12.760727,-120,72,133120,65535
2022-10-07 21:36:12.811773,-120,64,176640,65535
2022-10-07 21:36:12.862788,-120,56,248320,65535
2022-10-07 21:36:12.913780,-120,48,258560,65535
2022-10-07 21:36:12.964769,-120,40,261120,65535
2022-10-07 21:36:13.015787,-120,32,261120,65535
2022-10-07 21:36:13.066783,-120,24,263680,65535
2022-10-07 21:36:13.618421,-120,16,286720,65535
2022-10-07 21:36:13.669523,-120,8,430080,65535
2022-10-07 21:36:13.720653,-120,0,542720,65535
2022-10-07 21:36:13.771739,-112,-127,128000,65535
2022-10-07 21:36:13.822826,-112,-120,130560,65535
2022-10-07 21:36:13.873818,-112,-112,130560,65535
2022-10-07 21:36:13.924809,-112,-104,130560,65535
2022-10-07 21:36:13.975828,-112,-96,130560,65535
2022-10-07 21:36:14.026649,-112,-88,130560,65535
2022-10-07 21:36:14.077498,-112,-80,130560,65535
2022-10-07 21:36:14.629272,-112,-72,130560,65535
2022-10-07 21:36:14.680386,-112,-64,161280,65535
2022-10-07 21:36:14.731481,-112,-56,261120,65535
2022-10-07 21:36:14.782597,-112,-48,261120,65535
2022-10-07 21:36:14.833715,-112,-40,261120,65535
2022-10-07 21:36:14.884763,-112,-32,261120,65535
2022-10-07 21:36:14.935862,-112,-24,263680,65535
2022-10-07 21:36:14.986856,-112,-16,317440,65535
2022-10-07 21:36:15.037882,-112,-8,645120,65535
2022-10-07 21:36:15.089090,-112,127,133120,65535
2022-10-07 21:36:15.640607,-112,120,133120,65535
2022-10-07 21:36:15.691746,-112,112,133120,65535
2022-10-07 21:36:15.742947,-112,104,133120,65535
2022-10-07 21:36:15.793923,-112,96,133120,65535
2022-10-07 21:36:15.844911,-112,88,133120,65535
2022-10-07 21:36:15.895927,-112,80,133120,65535
2022-10-07 21:36:15.946914,-112,72,133120,65535
2022-10-07 21:36:15.998111,-112,64,171520,65535
2022-10-07 21:36:16.049014,-112,56,245760,65535
2022-10-07 21:36:16.100007,-112,48,258560,65535
2022-10-07 21:36:16.651891,-112,40,261120,65535
2022-10-07 21:36:16.703078,-112,32,261120,65535
2022-10-07 21:36:16.753997,-112,24,268800,65535
2022-10-07 21:36:16.804930,-112,16,353280,65535
2022-10-07 21:36:16.855932,-112,8,849920,65535
2022-10-07 21:36:16.907162,-112,0,1840640,65535
2022-10-07 21:36:16.958343,-104,-127,128000,65535
2022-10-07 21:36:17.010112,-104,-120,130560,65535
2022-10-07 21:36:17.060980,-104,-112,130560,65535
2022-10-07 21:36:17.111986,-104,-104,130560,65535
2022-10-07 21:36:17.663665,-104,-96,130560,65535
2022-10-07 21:36:17.714755,-104,-88,130560,65535
2022-10-07 21:36:17.765806,-104,-80,130560,65535
2022-10-07 21:36:17.816972,-104,-72,130560,65535
2022-10-07 21:36:17.868182,-104,-64,161280,65535
2022-10-07 21:36:17.919273,-104,-56,258560,65535
2022-10-07 21:36:17.970183,-104,-48,258560,65535
2022-10-07 21:36:18.021102,-104,-40,261120,65535
2022-10-07 21:36:18.072035,-104,-32,261120,65535
2022-10-07 21:36:18.123363,-104,-24,281600,65535
2022-10-07 21:36:18.675111,-104,-16,435200,65535
2022-10-07 21:36:18.726047,-104,-8,1694720,65535
2022-10-07 21:36:18.777255,-104,127,130560,65535
2022-10-07 21:36:18.828205,-104,120,133120,65535
2022-10-07 21:36:18.879172,-104,112,133120,65535
2022-10-07 21:36:18.930310,-104,104,133120,65535
2022-10-07 21:36:18.981238,-104,96,133120,65535
2022-10-07 21:36:19.032201,-104,88,133120,65535
2022-10-07 21:36:19.083376,-104,80,133120,65535
2022-10-07 21:36:19.134529,-104,72,133120,65535
2022-10-07 21:36:19.686307,-104,64,171520,65535
2022-10-07 21:36:19.737530,-104,56,238080,65535
2022-10-07 21:36:19.788683,-104,48,261120,65535
2022-10-07 21:36:19.839847,-104,40,261120,65535
2022-10-07 21:36:19.890947,-104,32,263680,65535
2022-10-07 21:36:19.942014,-104,24,296960,65535
2022-10-07 21:36:19.993030,-104,16,532480,65535
2022-10-07 21:36:20.044225,-104,8,2304000,65535
2022-10-07 21:36:20.095199,-104,0,11097600,65535
2022-10-07 21:36:20.146178,-96,-127,128000,65535
2022-10-07 21:36:20.697808,-96,-120,130560,65535
2022-10-07 21:36:20.749111,-96,-112,130560,65535
2022-10-07 21:36:20.800280,-96,-104,130560,65535
2022-10-07 21:36:20.851366,-96,-96,130560,65535
2022-10-07 21:36:20.902407,-96,-88,130560,65535
2022-10-07 21:36:20.953586,-96,-80,130560,65535
2022-10-07 21:36:21.004787,-96,-72,130560,65535
2022-10-07 21:36:21.055939,-96,-64,163840,65535
2022-10-07 21:36:21.107002,-96,-56,258560,65535
2022-10-07 21:36:21.158219,-96,-48,261120,65535
2022-10-07 21:36:21.709778,-96,-40,261120,65535
2022-10-07 21:36:21.760928,-96,-32,271360,65535
2022-10-07 21:36:21.812103,-96,-24,345600,65535
2022-10-07 21:36:21.863164,-96,-16,811520,65535
2022-10-07 21:36:21.914461,-96,-8,7680000,65535
2022-10-07 21:36:21.965518,-96,127,130560,65535
2022-10-07 21:36:22.016770,-96,120,133120,65535
2022-10-07 21:36:22.067926,-96,112,133120,65535
2022-10-07 21:36:22.119184,-96,104,133120,65535
2022-10-07 21:36:22.170194,-96,96,133120,65535
2022-10-07 21:36:22.721797,-96,88,133120,65535
2022-10-07 21:36:22.772954,-96,80,133120,65535
2022-10-07 21:36:22.824179,-96,72,133120,65535
2022-10-07 21:36:22.875139,-96,64,171520,65535
2022-10-07 21:36:22.926162,-96,56,240640,65535
2022-10-07 21:36:22.977223,-96,48,261120,65535
2022-10-07 21:36:23.028404,-96,40,261120,65535
2022-10-07 21:36:23.079352,-96,32,268800,65535
2022-10-07 21:36:23.130309,-96,24,376320,65535
2022-10-07 21:36:23.181469,-96,16,977920,65535
2022-10-07 21:36:23.732974,-96,8,11591680,65535
2022-10-07 21:36:23.884426,-96,0,110100480,65535
2022-10-07 21:36:23.935374,-88,-127,128000,65535
2022-10-07 21:36:23.986349,-88,-120,130560,65535
2022-10-07 21:36:24.037337,-88,-112,130560,65535
2022-10-07 21:36:24.088481,-88,-104,130560,65535
2022-10-07 21:36:24.139415,-88,-96,130560,65535
2022-10-07 21:36:24.190348,-88,-88,130560,65535
2022-10-07 21:36:24.741982,-88,-80,130560,65535
2022-10-07 21:36:24.793085,-88,-72,130560,65535
2022-10-07 21:36:24.844275,-88,-64,163840,65535
2022-10-07 21:36:24.895384,-88,-56,261120,65535
2022-10-07 21:36:24.946480,-88,-48,258560,65535
2022-10-07 21:36:24.997709,-88,-40,261120,65535
2022-10-07 21:36:25.048712,-88,-32,296960,65535
2022-10-07 21:36:25.099875,-88,-24,471040,65535
2022-10-07 21:36:25.151079,-88,-16,2155520,65535
2022-10-07 21:36:25.803106,-88,-8,62374400,65535
2022-10-07 21:36:25.854242,-88,127,130560,65535
2022-10-07 21:36:25.905289,-88,120,133120,65535
2022-10-07 21:36:25.956303,-88,112,133120,65535
2022-10-07 21:36:26.007315,-88,104,133120,65535
2022-10-07 21:36:26.058319,-88,96,133120,65535
2022-10-07 21:36:26.109469,-88,88,133120,65535
2022-10-07 21:36:26.160637,-88,80,133120,65535
2022-10-07 21:36:26.211713,-88,72,133120,65535
2022-10-07 21:36:26.262914,-88,64,168960,65535
2022-10-07 21:36:26.814643,-88,56,238080,65535
2022-10-07 21:36:26.865884,-88,48,261120,65535
2022-10-07 21:36:26.917164,-88,40,263680,65535
2022-10-07 21:36:26.968310,-88,32,294400,65535
2022-10-07 21:36:27.019413,-88,24,537600,65535
2022-10-07 21:36:27.070460,-88,16,3274240,65535
2022-10-07 21:36:27.221815,-88,8,101529600,65535
2022-10-07 21:36:27.874016,-88,0,167769600,6884
2022-10-07 21:36:27.925255,-80,-127,128000,65535
2022-10-07 21:36:27.976347,-80,-120,130560,65535
2022-10-07 21:36:28.027902,-80,-112,130560,65535
2022-10-07 21:36:28.079020,-80,-104,130560,65535
2022-10-07 21:36:28.130158,-80,-96,130560,65535
2022-10-07 21:36:28.181300,-80,-88,130560,65535
2022-10-07 21:36:28.232408,-80,-80,130560,65535
2022-10-07 21:36:28.283480,-80,-72,130560,65535
2022-10-07 21:36:28.334656,-80,-64,163840,65535
2022-10-07 21:36:28.886409,-80,-56,261120,65535
2022-10-07 21:36:28.937475,-80,-48,258560,65535
2022-10-07 21:36:28.988491,-80,-40,266240,65535
2022-10-07 21:36:29.039525,-80,-32,371200,65535
2022-10-07 21:36:29.090572,-80,-24,867840,65535
2022-10-07 21:36:29.141617,-80,-16,10206720,65535
2022-10-07 21:36:29.292960,-80,-8,167769600,14366
2022-10-07 21:36:29.344096,-80,127,130560,65535
2022-10-07 21:36:29.895921,-80,120,133120,65535
2022-10-07 21:36:29.947044,-80,112,133120,65535
2022-10-07 21:36:29.998279,-80,104,133120,65535
2022-10-07 21:36:30.049418,-80,96,133120,65535
2022-10-07 21:36:30.100476,-80,88,133120,65535
2022-10-07 21:36:30.151651,-80,80,133120,65535
2022-10-07 21:36:30.202699,-80,72,133120,65535
2022-10-07 21:36:30.253764,-80,64,168960,65535
2022-10-07 21:36:30.304816,-80,56,240640,65535
2022-10-07 21:36:30.355981,-80,48,261120,65535
2022-10-07 21:36:30.907743,-80,40,268800,65535
2022-10-07 21:36:30.958907,-80,32,363520,65535
2022-10-07 21:36:31.010025,-80,24,990720,65535
2022-10-07 21:36:31.061191,-80,16,17164800,65535
2022-10-07 21:36:31.212575,-80,8,167769600,8679
2022-10-07 21:36:31.363960,-80,0,167769600,200
2022-10-07 21:36:31.915714,-72,-127,128000,65535
2022-10-07 21:36:31.966770,-72,-120,130560,65535
2022-10-07 21:36:32.017833,-72,-112,130560,65535
2022-10-07 21:36:32.068858,-72,-104,130560,65535
2022-10-07 21:36:32.120004,-72,-96,130560,65535
2022-10-07 21:36:32.171137,-72,-88,130560,65535
2022-10-07 21:36:32.222269,-72,-80,130560,65535
2022-10-07 21:36:32.273364,-72,-72,130560,65535
2022-10-07 21:36:32.324556,-72,-64,161280,65535
2022-10-07 21:36:32.375690,-72,-56,261120,65535
2022-10-07 21:36:32.927423,-72,-48,258560,65535
2022-10-07 21:36:32.978564,-72,-40,284160,65535
2022-10-07 21:36:33.029643,-72,-32,491520,65535
2022-10-07 21:36:33.080726,-72,-24,2117120,65535
2022-10-07 21:36:33.232215,-72,-16,85117440,65535
2022-10-07 21:36:33.383963,-72,-8,167769600,988
2022-10-07 21:36:33.935894,-72,127,130560,65535
2022-10-07 21:36:33.987260,-72,120,133120,65535
2022-10-07 21:36:34.038578,-72,112,133120,65535
2022-10-07 21:36:34.089882,-72,104,133120,65535
2022-10-07 21:36:34.141236,-72,96,133120,65535
2022-10-07 21:36:34.192519,-72,88,133120,65535
2022-10-07 21:36:34.243872,-72,80,133120,65535
2022-10-07 21:36:34.295312,-72,72,133120,65535
2022-10-07 21:36:34.346641,-72,64,171520,65535
2022-10-07 21:36:34.397938,-72,56,232960,65535
2022-10-07 21:36:34.950087,-72,48,261120,65535
2022-10-07 21:36:35.001397,-72,40,284160,65535
2022-10-07 21:36:35.052688,-72,32,491520,65535
2022-10-07 21:36:35.104012,-72,24,2501120,65535
2022-10-07 21:36:35.255653,-72,16,126620160,65535
2022-10-07 21:36:35.407373,-72,8,167769600,334
2022-10-07 21:36:36.059623,-72,0,167769600,7
2022-10-07 21:36:36.111015,-64,-127,128000,65535
2022-10-07 21:36:36.162351,-64,-120,130560,65535
2022-10-07 21:36:36.213806,-64,-112,130560,65535
2022-10-07 21:36:36.265233,-64,-104,130560,65535
2022-10-07 21:36:36.316554,-64,-96,130560,65535
2022-10-07 21:36:36.367857,-64,-88,130560,65535
2022-10-07 21:36:36.419193,-64,-80,130560,65535
2022-10-07 21:36:36.971163,-64,-72,130560,65535
2022-10-07 21:36:37.022491,-64,-64,161280,65535
2022-10-07 21:36:37.073831,-64,-56,258560,65535
2022-10-07 21:36:37.125257,-64,-48,261120,65535
2022-10-07 21:36:37.176670,-64,-40,317440,65535
2022-10-07 21:36:37.227969,-64,-32,829440,65535
2022-10-07 21:36:37.279327,-64,-24,7866880,65535
2022-10-07 21:36:37.430985,-64,-16,167769600,13719
2022-10-07 21:36:38.083411,-64,-8,167769600,38
2022-10-07 21:36:38.134857,-64,127,130560,65535
2022-10-07 21:36:38.186193,-64,120,133120,65535
2022-10-07 21:36:38.237478,-64,112,133120,65535
2022-10-07 21:36:38.288755,-64,104,133120,65535
2022-10-07 21:36:38.340292,-64,96,133120,65535
2022-10-07 21:36:38.391553,-64,88,133120,65535
2022-10-07 21:36:38.442869,-64,80,133120,65535
2022-10-07 21:36:38.994900,-64,72,133120,65535
2022-10-07 21:36:39.046275,-64,64,171520,65535
2022-10-07 21:36:39.097559,-64,56,235520,65535
2022-10-07 21:36:39.148852,-64,48,263680,65535
2022-10-07 21:36:39.200239,-64,40,327680,65535
2022-10-07 21:36:39.251557,-64,32,752640,65535
2022-10-07 21:36:39.302836,-64,24,11491840,65535
2022-10-07 21:36:39.454493,-64,16,167769600,6670
2022-10-07 21:36:40.106875,-64,8,167769600,1
2022-10-07 21:36:40.258604,-64,0,167769600,0
2022-10-07 21:36:40.309987,-56,-127,128000,65535
2022-10-07 21:36:40.361456,-56,-120,130560,65535
2022-10-07 21:36:40.412737,-56,-112,130560,65535
2022-10-07 21:36:40.464738,-56,-104,130560,65535
2022-10-07 21:36:41.016680,-56,-96,130560,65535
2022-10-07 21:36:41.068021,-56,-88,130560,65535
2022-10-07 21:36:41.119377,-56,-80,130560,65535
2022-10-07 21:36:41.170651,-56,-72,130560,65535
2022-10-07 21:36:41.221948,-56,-64,166400,65535
2022-10-07 21:36:41.273308,-56,-56,261120,65535
2022-10-07 21:36:41.324601,-56,-48,268800,65535
2022-10-07 21:36:41.376154,-56,-40,399360,65535
2022-10-07 21:36:41.427861,-56,-32,2178560,65535
2022-10-07 21:36:41.479352,-56,-24,60252160,65535
2022-10-07 21:36:42.131583,-56,-16,167769600,680
2022-10-07 21:36:42.283412,-56,-8,167769600,2
2022-10-07 21:36:42.334840,-56,127,130560,65535
2022-10-07 21:36:42.386174,-56,120,133120,65535
2022-10-07 21:36:42.437462,-56,112,133120,65535
2022-10-07 21:36:42.488894,-56,104,133120,65535
2022-10-07 21:36:43.040972,-56,96,133120,65535
2022-10-07 21:36:43.092315,-56,88,133120,65535
2022-10-07 21:36:43.143605,-56,80,133120,65535
2022-10-07 21:36:43.194929,-56,72,133120,65535
2022-10-07 21:36:43.246277,-56,64,168960,65535
2022-10-07 21:36:43.297607,-56,56,232960,65535
2022-10-07 21:36:43.349082,-56,48,268800,65535
2022-10-07 21:36:43.400479,-56,40,386560,65535
2022-10-07 21:36:43.451804,-56,32,1456640,65535
2022-10-07 21:36:44.104332,-56,24,95554560,65535
2022-10-07 21:36:44.256053,-56,16,167769600,256
2022-10-07 21:36:44.407793,-56,8,167769600,0
2022-10-07 21:36:44.559629,-56,0,167769600,0
2022-10-07 21:36:45.111596,-48,-127,128000,65535
2022-10-07 21:36:45.162925,-48,-120,130560,65535
2022-10-07 21:36:45.214253,-48,-112,130560,65535
2022-10-07 21:36:45.265541,-48,-104,130560,65535
2022-10-07 21:36:45.316827,-48,-96,130560,65535
2022-10-07 21:36:45.368166,-48,-88,130560,65535
2022-10-07 21:36:45.419386,-48,-80,130560,65535
2022-10-07 21:36:45.470516,-48,-72,130560,65535
2022-10-07 21:36:45.521515,-48,-64,166400,65535
2022-10-07 21:36:45.572770,-48,-56,258560,65535
2022-10-07 21:36:46.124515,-48,-48,284160,65535
2022-10-07 21:36:46.175755,-48,-40,529920,65535
2022-10-07 21:36:46.227103,-48,-32,6420480,65535
2022-10-07 21:36:46.378941,-48,-24,167769600,14349
2022-10-07 21:36:46.531216,-48,-16,167769600,27
2022-10-07 21:36:47.183708,-48,-8,167769600,0
2022-10-07 21:36:47.235025,-48,127,130560,65535
2022-10-07 21:36:47.286377,-48,120,133120,65535
2022-10-07 21:36:47.337674,-48,112,133120,65535
2022-10-07 21:36:47.388989,-48,104,133120,65535
2022-10-07 21:36:47.440368,-48,96,133120,65535
2022-10-07 21:36:47.491707,-48,88,133120,65535
2022-10-07 21:36:47.543008,-48,80,133120,65535
2022-10-07 21:36:47.594381,-48,72,135680,65535
2022-10-07 21:36:47.645715,-48,64,166400,65535
2022-10-07 21:36:48.197893,-48,56,238080,65535
2022-10-07 21:36:48.249362,-48,48,286720,65535
2022-10-07 21:36:48.300715,-48,40,519680,65535
2022-10-07 21:36:48.352040,-48,32,5521920,65535
2022-10-07 21:36:48.503755,-48,24,167769600,9985
2022-10-07 21:36:48.655540,-48,16,167769600,3
2022-10-07 21:36:49.307750,-48,8,167769600,0
2022-10-07 21:36:49.459516,-48,0,167769600,0
2022-10-07 21:36:49.510942,-40,-127,128000,65535
2022-10-07 21:36:49.562414,-40,-120,130560,65535
2022-10-07 21:36:49.613692,-40,-112,130560,65535
2022-10-07 21:36:49.665044,-40,-104,130560,65535
2022-10-07 21:36:50.217019,-40,-96,130560,65535
2022-10-07 21:36:50.268427,-40,-88,130560,65535
2022-10-07 21:36:50.319712,-40,-80,130560,65535
2022-10-07 21:36:50.371033,-40,-72,130560,65535
2022-10-07 21:36:50.422389,-40,-64,166400,65535
2022-10-07 21:36:50.473692,-40,-56,258560,65535
2022-10-07 21:36:50.525012,-40,-48,317440,65535
2022-10-07 21:36:50.576372,-40,-40,926720,65535
2022-10-07 21:36:50.627672,-40,-32,41072640,65535
2022-10-07 21:36:51.280189,-40,-24,167769600,968
2022-10-07 21:36:51.431872,-40,-16,167769600,0
2022-10-07 21:36:51.431908,-40,-8,167769600,0
2022-10-07 21:36:51.483237,-40,127,130560,65535
2022-10-07 21:36:51.534655,-40,120,133120,65535
2022-10-07 21:36:51.585949,-40,112,133120,65535
2022-10-07 21:36:51.637385,-40,104,133120,65535
2022-10-07 21:36:51.688704,-40,96,133120,65535
2022-10-07 21:36:51.740029,-40,88,133120,65535
2022-10-07 21:36:52.292042,-40,80,133120,65535
2022-10-07 21:36:52.343492,-40,72,133120,65535
2022-10-07 21:36:52.394871,-40,64,166400,65535
2022-10-07 21:36:52.446302,-40,56,240640,65535
2022-10-07 21:36:52.497610,-40,48,325120,65535
2022-10-07 21:36:52.548908,-40,40,806400,65535
2022-10-07 21:36:52.600258,-40,32,30353920,65535
2022-10-07 21:36:52.751921,-40,24,167769600,320
2022-10-07 21:36:53.404192,-40,16,167769600,0
2022-10-07 21:36:53.404229,-40,8,167769600,0
2022-10-07 21:36:53.555853,-40,0,167769600,0
2022-10-07 21:36:53.607356,-32,-127,128000,65535
2022-10-07 21:36:53.658678,-32,-120,130560,65535
2022-10-07 21:36:53.710161,-32,-112,130560,65535
2022-10-07 21:36:53.761570,-32,-104,130560,65535
2022-10-07 21:36:54.314320,-32,-96,130560,65535
2022-10-07 21:36:54.365688,-32,-88,130560,65535
2022-10-07 21:36:54.416985,-32,-80,130560,65535
2022-10-07 21:36:54.468408,-32,-72,130560,65535
2022-10-07 21:36:54.519799,-32,-64,163840,65535
2022-10-07 21:36:54.571276,-32,-56,263680,65535
2022-10-07 21:36:54.622690,-32,-48,363520,65535
2022-10-07 21:36:54.674020,-32,-40,2058240,65535
2022-10-07 21:36:55.326341,-32,-32,167769600,24607
2022-10-07 21:36:55.477973,-32,-24,167769600,32
2022-10-07 21:36:55.629847,-32,-16,167769600,0
2022-10-07 21:36:55.629884,-32,-8,167769600,0
2022-10-07 21:36:55.681198,-32,127,130560,65535
2022-10-07 21:36:55.732497,-32,120,133120,65535
2022-10-07 21:36:55.783893,-32,112,133120,65535
2022-10-07 21:36:56.336098,-32,104,133120,65535
2022-10-07 21:36:56.387438,-32,96,133120,65535
2022-10-07 21:36:56.438712,-32,88,133120,65535
2022-10-07 21:36:56.490162,-32,80,133120,65535
2022-10-07 21:36:56.541458,-32,72,133120,65535
2022-10-07 21:36:56.592743,-32,64,168960,65535
2022-10-07 21:36:56.644082,-32,56,243200,65535
2022-10-07 21:36:56.695530,-32,48,389120,65535
2022-10-07 21:36:56.746817,-32,40,1482240,65535
2022-10-07 21:36:57.399203,-32,32,167769600,39511
2022-10-07 21:36:57.550825,-32,24,167769600,8
2022-10-07 21:36:57.702533,-32,16,167769600,0
2022-10-07 21:36:57.702570,-32,8,167769600,0
2022-10-07 21:36:57.854324,-32,0,167769600,0
2022-10-07 21:36:58.406424,-24,-127,128000,65535
2022-10-07 21:36:58.457738,-24,-120,130560,65535
2022-10-07 21:36:58.509032,-24,-112,130560,65535
2022-10-07 21:36:58.560393,-24,-104,130560,65535
2022-10-07 21:36:58.611676,-24,-96,130560,65535
2022-10-07 21:36:58.663000,-24,-88,130560,65535
2022-10-07 21:36:58.714355,-24,-80,130560,65535
2022-10-07 21:36:58.765649,-24,-72,133120,65535
2022-10-07 21:36:58.816963,-24,-64,161280,65535
2022-10-07 21:36:58.868298,-24,-56,271360,65535
2022-10-07 21:36:59.420204,-24,-48,476160,65535
2022-10-07 21:36:59.471325,-24,-40,5854720,65535
2022-10-07 21:36:59.622794,-24,-32,167769600,2140
2022-10-07 21:36:59.774455,-24,-24,167769600,0
2022-10-07 21:36:59.774492,-24,-16,167769600,0
2022-10-07 21:36:59.774508,-24,-8,167769600,0
2022-10-07 21:36:59.825774,-24,127,130560,65535
2022-10-07 21:36:59.877123,-24,120,133120,65535
2022-10-07 21:37:00.429108,-24,112,133120,65535
2022-10-07 21:37:00.480403,-24,104,133120,65535
2022-10-07 21:37:00.531710,-24,96,133120,65535
2022-10-07 21:37:00.583135,-24,88,133120,65535
2022-10-07 21:37:00.634426,-24,80,133120,65535
2022-10-07 21:37:00.685707,-24,72,133120,65535
2022-10-07 21:37:00.737191,-24,64,168960,65535
2022-10-07 21:37:00.788525,-24,56,253440,65535
2022-10-07 21:37:00.839914,-24,48,476160,65535
2022-10-07 21:37:00.891308,-24,40,4551680,65535
2022-10-07 21:37:01.543587,-24,32,167769600,2230
2022-10-07 21:37:01.695370,-24,24,167769600,0
2022-10-07 21:37:01.695406,-24,16,167769600,0
2022-10-07 21:37:01.695423,-24,8,167769600,0
2022-10-07 21:37:01.847028,-24,0,167769600,0
2022-10-07 21:37:01.898429,-16,-127,128000,65535
2022-10-07 21:37:02.450458,-16,-120,130560,65535
2022-10-07 21:37:02.501820,-16,-112,130560,65535
2022-10-07 21:37:02.553262,-16,-104,130560,65535
2022-10-07 21:37:02.604547,-16,-96,130560,65535
2022-10-07 21:37:02.655839,-16,-88,130560,65535
2022-10-07 21:37:02.707209,-16,-80,130560,65535
2022-10-07 21:37:02.758495,-16,-72,130560,65535
2022-10-07 21:37:02.809776,-16,-64,166400,65535
2022-10-07 21:37:02.861174,-16,-56,294400,65535
2022-10-07 21:37:02.912556,-16,-48,675840,65535
2022-10-07 21:37:03.464467,-16,-40,23068160,65535
2022-10-07 21:37:03.616140,-16,-32,167769600,109
2022-10-07 21:37:03.768018,-16,-24,167769600,0
2022-10-07 21:37:03.768081,-16,-16,167769600,0
2022-10-07 21:37:03.768100,-16,-8,167769600,0
2022-10-07 21:37:03.819488,-16,127,130560,65535
2022-10-07 21:37:03.870778,-16,120,133120,65535
2022-10-07 21:37:03.922144,-16,112,133120,65535
2022-10-07 21:37:04.474133,-16,104,133120,65535
2022-10-07 21:37:04.525457,-16,96,133120,65535
2022-10-07 21:37:04.576762,-16,88,133120,65535
2022-10-07 21:37:04.628093,-16,80,133120,65535
2022-10-07 21:37:04.679396,-16,72,133120,65535
2022-10-07 21:37:04.730838,-16,64,168960,65535
2022-10-07 21:37:04.782218,-16,56,273920,65535
2022-10-07 21:37:04.833504,-16,48,611840,65535
2022-10-07 21:37:04.884933,-16,40,22238720,65535
2022-10-07 21:37:05.537235,-16,32,167769600,112
2022-10-07 21:37:05.688841,-16,24,167769600,0
2022-10-07 21:37:05.688877,-16,16,167769600,0
2022-10-07 21:37:05.688894,-16,8,167769600,0
2022-10-07 21:37:05.840690,-16,0,167769600,0
2022-10-07 21:37:05.891986,-8,-127,128000,65535
2022-10-07 21:37:05.943313,-8,-120,130560,65535
2022-10-07 21:37:05.994571,-8,-112,130560,65535
2022-10-07 21:37:06.546566,-8,-104,130560,65535
2022-10-07 21:37:06.597869,-8,-96,130560,65535
2022-10-07 21:37:06.649818,-8,-88,130560,65535
2022-10-07 21:37:06.701242,-8,-80,130560,65535
2022-10-07 21:37:06.752519,-8,-72,133120,65535
2022-10-07 21:37:06.803950,-8,-64,168960,65535
2022-10-07 21:37:06.855266,-8,-56,320000,65535
2022-10-07 21:37:06.906557,-8,-48,1008640,65535
2022-10-07 21:37:07.559472,-8,-40,154890240,65535
2022-10-07 21:37:07.711159,-8,-32,167769600,4
2022-10-07 21:37:07.862788,-8,-24,167769600,0
2022-10-07 21:37:07.862824,-8,-16,167769600,0
2022-10-07 21:37:07.862841,-8,-8,167769600,0
2022-10-07 21:37:07.914200,-8,127,130560,65535
2022-10-07 21:37:07.965526,-8,120,133120,65535
2022-10-07 21:37:08.016855,-8,112,133120,65535
2022-10-07 21:37:08.568819,-8,104,133120,65535
2022-10-07 21:37:08.620202,-8,96,133120,65535
2022-10-07 21:37:08.671519,-8,88,133120,65535
2022-10-07 21:37:08.722838,-8,80,133120,65535
2022-10-07 21:37:08.774212,-8,72,133120,65535
2022-10-07 21:37:08.825563,-8,64,168960,65535
2022-10-07 21:37:08.876982,-8,56,304640,65535
2022-10-07 21:37:08.928333,-8,48,926720,65535
2022-10-07 21:37:09.580615,-8,40,163535360,65535
2022-10-07 21:37:09.732277,-8,32,167769600,2
2022-10-07 21:37:09.884032,-8,24,167769600,0
2022-10-07 21:37:09.884094,-8,16,167769600,0
2022-10-07 21:37:09.884113,-8,8,167769600,0
2022-10-07 21:37:10.035717,-8,0,167769600,0
2022-10-07 21:37:10.587719,0,-127,128000,65535
2022-10-07 21:37:10.639052,0,-120,130560,65535
2022-10-07 21:37:10.690383,0,-112,130560,65535
2022-10-07 21:37:10.741687,0,-104,130560,65535
2022-10-07 21:37:10.792979,0,-96,130560,65535
2022-10-07 21:37:10.844296,0,-88,130560,65535
2022-10-07 21:37:10.895550,0,-80,130560,65535
2022-10-07 21:37:10.946841,0,-72,133120,65535
2022-10-07 21:37:10.998191,0,-64,163840,65535
2022-10-07 21:37:11.049470,0,-56,384000,65535
2022-10-07 21:37:11.601399,0,-48,2314240,65535
2022-10-07 21:37:11.753010,0,-40,167769600,3966
2022-10-07 21:37:11.904637,0,-32,167769600,0
2022-10-07 21:37:11.904674,0,-24,167769600,0
2022-10-07 21:37:11.904690,0,-16,167769600,0
2022-10-07 21:37:11.904705,0,-8,167769600,0
2022-10-07 21:37:11.955995,0,127,130560,65535
2022-10-07 21:37:12.007332,0,120,133120,65535
2022-10-07 21:37:12.058605,0,112,133120,65535
2022-10-07 21:37:12.610632,0,104,133120,65535
2022-10-07 21:37:12.661942,0,96,133120,65535
2022-10-07 21:37:12.713276,0,88,133120,65535
2022-10-07 21:37:12.764672,0,80,133120,65535
2022-10-07 21:37:12.816102,0,72,133120,65535
2022-10-07 21:37:12.867537,0,64,166400,65535
2022-10-07 21:37:12.918822,0,56,314880,65535
2022-10-07 21:37:12.970153,0,48,1492480,65535
2022-10-07 21:37:13.622513,0,40,167769600,7972
2022-10-07 21:37:13.774225,0,32,167769600,0
2022-10-07 21:37:13.774261,0,24,167769600,0
2022-10-07 21:37:13.774277,0,16,167769600,0
2022-10-07 21:37:13.774292,0,8,167769600,0
2022-10-07 21:37:13.925885,0,0,167769600,0
2022-10-07 21:37:13.977216,8,-127,128000,65535
2022-10-07 21:37:14.028493,8,-120,130560,65535
2022-10-07 21:37:14.079842,8,-112,130560,65535
2022-10-07 21:37:14.631901,8,-104,130560,65535
2022-10-07 21:37:14.683320,8,-96,130560,65535
2022-10-07 21:37:14.734642,8,-88,130560,65535
2022-10-07 21:37:14.786038,8,-80,130560,65535
2022-10-07 21:37:14.837463,8,-72,130560,65535
2022-10-07 21:37:14.888767,8,-64,168960,65535
2022-10-07 21:37:14.940138,8,-56,430080,65535
2022-10-07 21:37:14.991455,8,-48,4928000,65535
2022-10-07 21:37:15.643731,8,-40,167769600,686
2022-10-07 21:37:15.795503,8,-32,167769600,0
2022-10-07 21:37:15.795539,8,-24,167769600,0
2022-10-07 21:37:15.795556,8,-16,167769600,0
2022-10-07 21:37:15.795571,8,-8,167769600,0
2022-10-07 21:37:15.846931,8,127,130560,65535
2022-10-07 21:37:15.898277,8,120,133120,65535
2022-10-07 21:37:15.949563,8,112,133120,65535
2022-10-07 21:37:16.001019,8,104,133120,65535
2022-10-07 21:37:16.052349,8,96,133120,65535
2022-10-07 21:37:16.103615,8,88,133120,65535
2022-10-07 21:37:16.655664,8,80,133120,65535
2022-10-07 21:37:16.707159,8,72,133120,65535
2022-10-07 21:37:16.758442,8,64,166400,65535
2022-10-07 21:37:16.809735,8,56,332800,65535
2022-10-07 21:37:16.861228,8,48,2677760,65535
2022-10-07 21:37:17.012951,8,40,167769600,811
2022-10-07 21:37:17.665378,8,32,167769600,0
2022-10-07 21:37:17.665415,8,24,167769600,0
2022-10-07 21:37:17.665432,8,16,167769600,0
2022-10-07 21:37:17.665447,8,8,167769600,0
2022-10-07 21:37:17.817230,8,0,167769600,0
2022-10-07 21:37:17.868603,16,-127,128000,65535
2022-10-07 21:37:17.919892,16,-120,130560,65535
2022-10-07 21:37:17.971334,16,-112,130560,65535
2022-10-07 21:37:18.022609,16,-104,130560,65535
2022-10-07 21:37:18.073933,16,-96,130560,65535
2022-10-07 21:37:18.125295,16,-88,130560,65535
2022-10-07 21:37:18.678018,16,-80,130560,65535
2022-10-07 21:37:18.729432,16,-72,130560,65535
2022-10-07 21:37:18.780718,16,-64,168960,65535
2022-10-07 21:37:18.832018,16,-56,499200,65535
2022-10-07 21:37:18.883392,16,-48,17100800,65535
2022-10-07 21:37:19.034996,16,-40,167769600,19
2022-10-07 21:37:19.687673,16,-32,167769600,0
2022-10-07 21:37:19.687711,16,-24,167769600,0
2022-10-07 21:37:19.687728,16,-16,167769600,0
2022-10-07 21:37:19.687743,16,-8,167769600,0
2022-10-07 21:37:19.739038,16,127,130560,65535
2022-10-07 21:37:19.790356,16,120,133120,65535
2022-10-07 21:37:19.841706,16,112,133120,65535
2022-10-07 21:37:19.892977,16,104,133120,65535
2022-10-07 21:37:19.944299,16,96,133120,65535
2022-10-07 21:37:19.995604,16,88,133120,65535
2022-10-07 21:37:20.047004,16,80,133120,65535
2022-10-07 21:37:20.098350,16,72,133120,65535
2022-10-07 21:37:20.149642,16,64,171520,65535
2022-10-07 21:37:20.701689,16,56,384000,65535
2022-10-07 21:37:20.753152,16,48,12761600,65535
2022-10-07 21:37:20.904987,16,40,167769600,4
2022-10-07 21:37:21.056660,16,32,167769600,0
2022-10-07 21:37:21.056696,16,24,167769600,0
2022-10-07 21:37:21.056713,16,16,167769600,0
2022-10-07 21:37:21.056728,16,8,167769600,0
2022-10-07 21:37:21.708995,16,0,167769600,0
2022-10-07 21:37:21.760397,24,-127,128000,65535
2022-10-07 21:37:21.811685,24,-120,130560,65535
2022-10-07 21:37:21.863029,24,-112,130560,65535
2022-10-07 21:37:21.914385,24,-104,130560,65535
2022-10-07 21:37:21.965696,24,-96,130560,65535
2022-10-07 21:37:22.016993,24,-88,130560,65535
2022-10-07 21:37:22.068363,24,-80,130560,65535
2022-10-07 21:37:22.119785,24,-72,130560,65535
2022-10-07 21:37:22.171015,24,-64,176640,65535
2022-10-07 21:37:22.722873,24,-56,593920,65535
2022-10-07 21:37:22.874469,24,-48,96939520,65535
2022-10-07 21:37:23.026163,24,-40,167769600,1
2022-10-07 21:37:23.177813,24,-32,167769600,0
2022-10-07 21:37:23.177850,24,-24,167769600,0
2022-10-07 21:37:23.177866,24,-16,167769600,0
2022-10-07 21:37:23.177882,24,-8,167769600,0
2022-10-07 21:37:23.729866,24,127,130560,65535
2022-10-07 21:37:23.781209,24,120,133120,65535
2022-10-07 21:37:23.832495,24,112,133120,65535
2022-10-07 21:37:23.883778,24,104,133120,65535
2022-10-07 21:37:23.935102,24,96,133120,65535
2022-10-07 21:37:23.986420,24,88,133120,65535
2022-10-07 21:37:24.037701,24,80,133120,65535
2022-10-07 21:37:24.089114,24,72,133120,65535
2022-10-07 21:37:24.140501,24,64,174080,65535
2022-10-07 21:37:24.191784,24,56,412160,65535
2022-10-07 21:37:24.743747,24,48,57768960,65535
2022-10-07 21:37:24.895550,24,40,167769600,0
2022-10-07 21:37:24.895587,24,32,167769600,0
2022-10-07 21:37:24.895604,24,24,167769600,0
2022-10-07 21:37:24.895619,24,16,167769600,0
2022-10-07 21:37:24.895633,24,8,167769600,0
2022-10-07 21:37:25.047321,24,0,167769600,0
2022-10-07 21:37:25.098600,32,-127,128000,65535
2022-10-07 21:37:25.149934,32,-120,130560,65535
2022-10-07 21:37:25.201301,32,-112,130560,65535
2022-10-07 21:37:25.753262,32,-104,130560,65535
2022-10-07 21:37:25.804575,32,-96,130560,65535
2022-10-07 21:37:25.855894,32,-88,130560,65535
2022-10-07 21:37:25.907255,32,-80,130560,65535
2022-10-07 21:37:25.958568,32,-72,130560,65535
2022-10-07 21:37:26.009852,32,-64,166400,65535
2022-10-07 21:37:26.061213,32,-56,576000,65535
2022-10-07 21:37:26.212856,32,-48,117214720,65535
2022-10-07 21:37:26.865132,32,-40,167769600,17
2022-10-07 21:37:27.016752,32,-32,167769600,0
2022-10-07 21:37:27.016788,32,-24,167769600,0
2022-10-07 21:37:27.016804,32,-16,167769600,0
2022-10-07 21:37:27.016820,32,-8,167769600,0
2022-10-07 21:37:27.068131,32,127,130560,65535
2022-10-07 21:37:27.119422,32,120,133120,65535
2022-10-07 21:37:27.170700,32,112,133120,65535
2022-10-07 21:37:27.221994,32,104,133120,65535
2022-10-07 21:37:27.773950,32,96,133120,65535
2022-10-07 21:37:27.825368,32,88,133120,65535
2022-10-07 21:37:27.876696,32,80,133120,65535
2022-10-07 21:37:27.928109,32,72,133120,65535
2022-10-07 21:37:27.979407,32,64,174080,65535
2022-10-07 21:37:28.030840,32,56,407040,65535
2022-10-07 21:37:28.082172,32,48,24043520,65535
2022-10-07 21:37:28.233904,32,40,167769600,48
2022-10-07 21:37:28.886226,32,32,167769600,0
2022-10-07 21:37:28.886262,32,24,167769600,0
2022-10-07 21:37:28.886285,32,16,167769600,0
2022-10-07 21:37:28.886301,32,8,167769600,0
2022-10-07 21:37:29.038009,32,0,167769600,0
2022-10-07 21:37:29.089373,40,-127,128000,65535
2022-10-07 21:37:29.140674,40,-120,130560,65535
2022-10-07 21:37:29.191969,40,-112,130560,65535
2022-10-07 21:37:29.243306,40,-104,130560,65535
2022-10-07 21:37:29.795299,40,-96,130560,65535
2022-10-07 21:37:29.846703,40,-88,130560,65535
2022-10-07 21:37:29.898189,40,-80,130560,65535
2022-10-07 21:37:29.950114,40,-72,130560,65535
2022-10-07 21:37:30.001473,40,-64,158720,65535
2022-10-07 21:37:30.052901,40,-56,450560,65535
2022-10-07 21:37:30.104213,40,-48,8243200,65535
2022-10-07 21:37:30.255839,40,-40,167769600,1772
2022-10-07 21:37:30.908188,40,-32,167769600,1
2022-10-07 21:37:31.059804,40,-24,167769600,0
2022-10-07 21:37:31.059840,40,-16,167769600,0
2022-10-07 21:37:31.059856,40,-8,167769600,0
2022-10-07 21:37:31.111225,40,127,130560,65535
2022-10-07 21:37:31.162520,40,120,133120,65535
2022-10-07 21:37:31.213805,40,112,133120,65535
2022-10-07 21:37:31.265133,40,104,133120,65535
2022-10-07 21:37:31.817052,40,96,133120,65535
2022-10-07 21:37:31.868495,40,88,133120,65535
2022-10-07 21:37:31.919787,40,80,133120,65535
2022-10-07 21:37:31.971114,40,72,133120,65535
2022-10-07 21:37:32.022417,40,64,168960,65535
2022-10-07 21:37:32.073731,40,56,386560,65535
2022-10-07 21:37:32.125037,40,48,4423680,65535
2022-10-07 21:37:32.276659,40,40,167769600,4006
2022-10-07 21:37:32.928878,40,32,167769600,0
2022-10-07 21:37:32.928916,40,24,167769600,0
2022-10-07 21:37:32.928932,40,16,167769600,0
2022-10-07 21:37:32.928947,40,8,167769600,0
2022-10-07 21:37:33.080733,40,0,167769600,0
2022-10-07 21:37:33.132104,48,-127,128000,65535
2022-10-07 21:37:33.183548,48,-120,130560,65535
2022-10-07 21:37:33.234928,48,-112,130560,65535
2022-10-07 21:37:33.286264,48,-104,130560,65535
2022-10-07 21:37:33.838237,48,-96,130560,65535
2022-10-07 21:37:33.889591,48,-88,130560,65535
2022-10-07 21:37:33.940959,48,-80,130560,65535
2022-10-07 21:37:33.992295,48,-72,130560,65535
2022-10-07 21:37:34.043604,48,-64,156160,65535
2022-10-07 21:37:34.094936,48,-56,368640,65535
2022-10-07 21:37:34.146268,48,-48,1825280,65535
2022-10-07 21:37:34.297906,48,-40,143109120,65535
2022-10-07 21:37:34.950156,48,-32,167769600,161
2022-10-07 21:37:35.101793,48,-24,167769600,2
2022-10-07 21:37:35.253452,48,-16,167769600,0
2022-10-07 21:37:35.253488,48,-8,167769600,0
2022-10-07 21:37:35.304750,48,127,130560,65535
2022-10-07 21:37:35.856674,48,120,133120,65535
2022-10-07 21:37:35.907984,48,112,133120,65535
2022-10-07 21:37:35.959315,48,104,133120,65535
2022-10-07 21:37:36.010619,48,96,133120,65535
2022-10-07 21:37:36.061951,48,88,133120,65535
2022-10-07 21:37:36.113314,48,80,133120,65535
2022-10-07 21:37:36.164609,48,72,133120,65535
2022-10-07 21:37:36.215907,48,64,166400,65535
2022-10-07 21:37:36.267281,48,56,335360,65535
2022-10-07 21:37:36.318728,48,48,1635840,65535
2022-10-07 21:37:36.970967,48,40,92134400,65535
2022-10-07 21:37:37.122603,48,32,167769600,118
2022-10-07 21:37:37.274267,48,24,167769600,0
2022-10-07 21:37:37.274303,48,16,167769600,0
2022-10-07 21:37:37.274320,48,8,167769600,0
2022-10-07 21:37:37.926643,48,0,167769600,0
2022-10-07 21:37:37.978007,56,-127,128000,65535
2022-10-07 21:37:38.029394,56,-120,130560,65535
2022-10-07 21:37:38.080723,56,-112,130560,65535
2022-10-07 21:37:38.132033,56,-104,130560,65535
2022-10-07 21:37:38.183359,56,-96,130560,65535
2022-10-07 21:37:38.234642,56,-88,130560,65535
2022-10-07 21:37:38.285968,56,-80,130560,65535
2022-10-07 21:37:38.337398,56,-72,130560,65535
2022-10-07 21:37:38.388719,56,-64,158720,65535
2022-10-07 21:37:38.940713,56,-56,304640,65535
2022-10-07 21:37:38.992092,56,-48,744960,65535
2022-10-07 21:37:39.043396,56,-40,8038400,65535
2022-10-07 21:37:39.195023,56,-32,167769600,10819
2022-10-07 21:37:39.346719,56,-24,167769600,59
2022-10-07 21:37:39.999212,56,-16,167769600,0
2022-10-07 21:37:39.999249,56,-8,167769600,0
2022-10-07 21:37:40.050514,56,127,130560,65535
2022-10-07 21:37:40.101820,56,120,133120,65535
2022-10-07 21:37:40.153182,56,112,133120,65535
2022-10-07 21:37:40.204493,56,104,133120,65535
2022-10-07 21:37:40.255823,56,96,133120,65535
2022-10-07 21:37:40.307178,56,88,133120,65535
2022-10-07 21:37:40.358590,56,80,133120,65535
2022-10-07 21:37:40.409942,56,72,133120,65535
2022-10-07 21:37:40.461300,56,64,163840,65535
2022-10-07 21:37:41.013250,56,56,281600,65535
2022-10-07 21:37:41.064555,56,48,704000,65535
2022-10-07 21:37:41.115853,56,40,7252480,65535
2022-10-07 21:37:41.267681,56,32,167769600,15893
2022-10-07 21:37:41.419423,56,24,167769600,26
2022-10-07 21:37:42.071881,56,16,167769600,0
2022-10-07 21:37:42.071918,56,8,167769600,0
2022-10-07 21:37:42.223579,56,0,167769600,0
2022-10-07 21:37:42.274975,64,-127,128000,65535
2022-10-07 21:37:42.326399,64,-120,130560,65535
2022-10-07 21:37:42.377770,64,-112,130560,65535
2022-10-07 21:37:42.429199,64,-104,130560,65535
2022-10-07 21:37:42.480575,64,-96,130560,65535
2022-10-07 21:37:42.531875,64,-88,130560,65535
2022-10-07 21:37:43.083903,64,-80,130560,65535
2022-10-07 21:37:43.135242,64,-72,130560,65535
2022-10-07 21:37:43.186768,64,-64,158720,65535
2022-10-07 21:37:43.238085,64,-56,261120,65535
2022-10-07 21:37:43.289509,64,-48,432640,65535
2022-10-07 21:37:43.340863,64,-40,1495040,65535
2022-10-07 21:37:43.392181,64,-32,31754240,65535
2022-10-07 21:37:43.543800,64,-24,167769600,5999
2022-10-07 21:37:44.196002,64,-16,167769600,41
2022-10-07 21:37:44.347639,64,-8,167769600,0
2022-10-07 21:37:44.398934,64,127,130560,65535
2022-10-07 21:37:44.450294,64,120,133120,65535
2022-10-07 21:37:44.501583,64,112,133120,65535
2022-10-07 21:37:44.552879,64,104,133120,65535
2022-10-07 21:37:45.104802,64,96,133120,65535
2022-10-07 21:37:45.156222,64,88,133120,65535
2022-10-07 21:37:45.207499,64,80,133120,65535
2022-10-07 21:37:45.258781,64,72,133120,65535
2022-10-07 21:37:45.310099,64,64,163840,65535
2022-10-07 21:37:45.361396,64,56,261120,65535
2022-10-07 21:37:45.412678,64,48,424960,65535
2022-10-07 21:37:45.463984,64,40,1489920,65535
2022-10-07 21:37:45.515323,64,32,25776640,65535
2022-10-07 21:37:46.167708,64,24,167769600,3963
2022-10-07 21:37:46.319446,64,16,167769600,8
2022-10-07 21:37:46.471159,64,8,167769600,0
2022-10-07 21:37:46.622779,64,0,167769600,0
2022-10-07 21:37:47.174701,72,-127,128000,65535
2022-10-07 21:37:47.226218,72,-120,130560,65535
2022-10-07 21:37:47.277497,72,-112,130560,65535
2022-10-07 21:37:47.328770,72,-104,130560,65535
2022-10-07 21:37:47.380083,72,-96,130560,65535
2022-10-07 21:37:47.431383,72,-88,130560,65535
2022-10-07 21:37:47.482655,72,-80,130560,65535
2022-10-07 21:37:47.533954,72,-72,130560,65535
2022-10-07 21:37:47.585331,72,-64,158720,65535
2022-10-07 21:37:47.636606,72,-56,253440,65535
2022-10-07 21:37:48.188629,72,-48,309760,65535
2022-10-07 21:37:48.239926,72,-40,619520,65535
2022-10-07 21:37:48.291423,72,-32,3315200,65535
2022-10-07 21:37:48.342822,72,-24,50836480,65535
2022-10-07 21:37:48.494590,72,-16,167769600,2251
2022-10-07 21:37:48.646230,72,-8,167769600,5
2022-10-07 21:37:49.198173,72,127,130560,65535
2022-10-07 21:37:49.249461,72,120,133120,65535
2022-10-07 21:37:49.300737,72,112,133120,65535
2022-10-07 21:37:49.352035,72,104,133120,65535
2022-10-07 21:37:49.403359,72,96,133120,65535
2022-10-07 21:37:49.454615,72,88,133120,65535
2022-10-07 21:37:49.505934,72,80,133120,65535
2022-10-07 21:37:49.557286,72,72,133120,65535
2022-10-07 21:37:49.608589,72,64,163840,65535
2022-10-07 21:37:49.659937,72,56,245760,65535
2022-10-07 21:37:50.211917,72,48,325120,65535
2022-10-07 21:37:50.263261,72,40,652800,65535
2022-10-07 21:37:50.314686,72,32,3169280,65535
2022-10-07 21:37:50.466417,72,24,78062080,65535
2022-10-07 21:37:50.618192,72,16,167769600,858
2022-10-07 21:37:51.270457,72,8,167769600,0
2022-10-07 21:37:51.422105,72,0,167769600,0
2022-10-07 21:37:51.473399,80,-127,128000,65535
2022-10-07 21:37:51.524719,80,-120,130560,65535
2022-10-07 21:37:51.576089,80,-112,130560,65535
2022-10-07 21:37:51.627458,80,-104,130560,65535
2022-10-07 21:37:51.678799,80,-96,130560,65535
2022-10-07 21:37:51.730180,80,-88,130560,65535
2022-10-07 21:37:52.282122,80,-80,130560,65535
2022-10-07 21:37:52.333421,80,-72,130560,65535
2022-10-07 21:37:52.384710,80,-64,161280,65535
2022-10-07 21:37:52.436011,80,-56,253440,65535
2022-10-07 21:37:52.487337,80,-48,271360,65535
2022-10-07 21:37:52.538604,80,-40,373760,65535
2022-10-07 21:37:52.589897,80,-32,878080,65535
2022-10-07 21:37:52.641234,80,-24,4736000,65535
2022-10-07 21:37:53.293484,80,-16,112532480,65535
2022-10-07 21:37:53.445162,80,-8,167769600,506
2022-10-07 21:37:53.496533,80,127,130560,65535
2022-10-07 21:37:53.547858,80,120,133120,65535
2022-10-07 21:37:53.599239,80,112,133120,65535
2022-10-07 21:37:53.650561,80,104,133120,65535
2022-10-07 21:37:53.702014,80,96,133120,65535
2022-10-07 21:37:53.753338,80,88,133120,65535
2022-10-07 21:37:54.305362,80,80,133120,65535
2022-10-07 21:37:54.356653,80,72,133120,65535
2022-10-07 21:37:54.407951,80,64,163840,65535
2022-10-07 21:37:54.459286,80,56,235520,65535
2022-10-07 21:37:54.510553,80,48,276480,65535
2022-10-07 21:37:54.561856,80,40,391680,65535
2022-10-07 21:37:54.613190,80,32,980480,65535
2022-10-07 21:37:54.664482,80,24,6983680,65535
2022-10-07 21:37:55.316718,80,16,167769600,43786
2022-10-07 21:37:55.468394,80,8,167769600,164
2022-10-07 21:37:55.619933,80,0,167769600,1
2022-10-07 21:37:55.671084,88,-127,128000,65535
2022-10-07 21:37:55.722204,88,-120,130560,65535
2022-10-07 21:37:55.773379,88,-112,130560,65535
2022-10-07 21:37:56.325446,88,-104,130560,65535
2022-10-07 21:37:56.376970,88,-96,130560,65535
2022-10-07 21:37:56.428663,88,-88,130560,65535
2022-10-07 21:37:56.480130,88,-80,130560,65535
2022-10-07 21:37:56.531419,88,-72,130560,65535
2022-10-07 21:37:56.582693,88,-64,161280,65535
2022-10-07 21:37:56.634765,88,-56,256000,65535
2022-10-07 21:37:56.686087,88,-48,263680,65535
2022-10-07 21:37:56.737384,88,-40,284160,65535
2022-10-07 21:37:56.788654,88,-32,442880,65535
2022-10-07 21:37:57.340576,88,-24,1103360,65535
2022-10-07 21:37:57.391884,88,-16,8399360,65535
2022-10-07 21:37:57.543631,88,-8,167769600,34658
2022-10-07 21:37:57.594932,88,127,130560,65535
2022-10-07 21:37:57.646312,88,120,133120,65535
2022-10-07 21:37:57.697563,88,112,133120,65535
2022-10-07 21:37:57.748854,88,104,133120,65535
2022-10-07 21:37:57.800217,88,96,133120,65535
2022-10-07 21:37:58.352161,88,88,133120,65535
2022-10-07 21:37:58.403454,88,80,133120,65535
2022-10-07 21:37:58.454741,88,72,133120,65535
2022-10-07 21:37:58.506084,88,64,168960,65535
2022-10-07 21:37:58.557392,88,56,240640,65535
2022-10-07 21:37:58.608667,88,48,263680,65535
2022-10-07 21:37:58.659961,88,40,294400,65535
2022-10-07 21:37:58.711293,88,32,463360,65535
2022-10-07 21:37:58.762559,88,24,1397760,65535
2022-10-07 21:37:58.813856,88,16,13104640,65535
2022-10-07 21:37:59.466100,88,8,167769600,15868
2022-10-07 21:37:59.617847,88,0,167769600,412
2022-10-07 21:37:59.669336,96,-127,128000,65535
2022-10-07 21:37:59.720699,96,-120,130560,65535
2022-10-07 21:37:59.771997,96,-112,130560,65535
2022-10-07 21:37:59.823467,96,-104,130560,65535
2022-10-07 21:38:00.375428,96,-96,130560,65535
2022-10-07 21:38:00.426862,96,-88,130560,65535
2022-10-07 21:38:00.478195,96,-80,130560,65535
2022-10-07 21:38:00.529530,96,-72,130560,65535
2022-10-07 21:38:00.580811,96,-64,161280,65535
2022-10-07 21:38:00.632139,96,-56,256000,65535
2022-10-07 21:38:00.683430,96,-48,261120,65535
2022-10-07 21:38:00.734713,96,-40,266240,65535
2022-10-07 21:38:00.786013,96,-32,307200,65535
2022-10-07 21:38:00.837343,96,-24,478720,65535
2022-10-07 21:38:01.389373,96,-16,1428480,65535
2022-10-07 21:38:01.440833,96,-8,15198720,65535
2022-10-07 21:38:01.492158,96,127,130560,65535
2022-10-07 21:38:01.543447,96,120,133120,65535
2022-10-07 21:38:01.594833,96,112,133120,65535
2022-10-07 21:38:01.646169,96,104,133120,65535
2022-10-07 21:38:01.697553,96,96,133120,65535
2022-10-07 21:38:01.748837,96,88,133120,65535
2022-10-07 21:38:01.800325,96,80,133120,65535
2022-10-07 21:38:01.851687,96,72,133120,65535
2022-10-07 21:38:02.403860,96,64,168960,65535
2022-10-07 21:38:02.455290,96,56,238080,65535
2022-10-07 21:38:02.506555,96,48,261120,65535
2022-10-07 21:38:02.557852,96,40,268800,65535
2022-10-07 21:38:02.609233,96,32,320000,65535
2022-10-07 21:38:02.660553,96,24,593920,65535
2022-10-07 21:38:02.711851,96,16,2037760,65535
2022-10-07 21:38:02.763188,96,8,28620800,65535
2022-10-07 21:38:03.415467,96,0,167769600,31722
2022-10-07 21:38:03.466760,104,-127,128000,65535
2022-10-07 21:38:03.518149,104,-120,130560,65535
2022-10-07 21:38:03.569451,104,-112,130560,65535
2022-10-07 21:38:03.620802,104,-104,130560,65535
2022-10-07 21:38:03.672124,104,-96,130560,65535
2022-10-07 21:38:03.723426,104,-88,130560,65535
2022-10-07 21:38:03.774767,104,-80,130560,65535
2022-10-07 21:38:03.826090,104,-72,130560,65535
2022-10-07 21:38:03.877398,104,-64,158720,65535
2022-10-07 21:38:04.429512,104,-56,256000,65535
2022-10-07 21:38:04.480950,104,-48,261120,65535
2022-10-07 21:38:04.532288,104,-40,261120,65535
2022-10-07 21:38:04.583550,104,-32,268800,65535
2022-10-07 21:38:04.634880,104,-24,317440,65535
2022-10-07 21:38:04.686231,104,-16,555520,65535
2022-10-07 21:38:04.737605,104,-8,2260480,65535
2022-10-07 21:38:04.788901,104,127,133120,65535
2022-10-07 21:38:04.840288,104,120,133120,65535
2022-10-07 21:38:04.891574,104,112,133120,65535
2022-10-07 21:38:05.443555,104,104,133120,65535
2022-10-07 21:38:05.495025,104,96,133120,65535
2022-10-07 21:38:05.546400,104,88,133120,65535
2022-10-07 21:38:05.597722,104,80,133120,65535
2022-10-07 21:38:05.649144,104,72,133120,65535
2022-10-07 21:38:05.700487,104,64,168960,65535
2022-10-07 21:38:05.751771,104,56,245760,65535
2022-10-07 21:38:05.803257,104,48,258560,65535
2022-10-07 21:38:05.854623,104,40,261120,65535
2022-10-07 21:38:05.905928,104,32,273920,65535
2022-10-07 21:38:06.458002,104,24,353280,65535
2022-10-07 21:38:06.509447,104,16,750080,65535
2022-10-07 21:38:06.560886,104,8,3763200,65535
2022-10-07 21:38:06.612319,104,0,16532480,65535
2022-10-07 21:38:06.663727,112,-127,128000,65535
2022-10-07 21:38:06.715026,112,-120,130560,65535
2022-10-07 21:38:06.766551,112,-112,130560,65535
2022-10-07 21:38:06.817837,112,-104,130560,65535
2022-10-07 21:38:06.869205,112,-96,130560,65535
2022-10-07 21:38:06.920511,112,-88,130560,65535
2022-10-07 21:38:07.472453,112,-80,130560,65535
2022-10-07 21:38:07.523754,112,-72,130560,65535
2022-10-07 21:38:07.575136,112,-64,158720,65535
2022-10-07 21:38:07.626474,112,-56,258560,65535
2022-10-07 21:38:07.678472,112,-48,258560,65535
2022-10-07 21:38:07.729850,112,-40,261120,65535
2022-10-07 21:38:07.781188,112,-32,261120,65535
2022-10-07 21:38:07.832468,112,-24,268800,65535
2022-10-07 21:38:07.883780,112,-16,335360,65535
2022-10-07 21:38:07.935163,112,-8,729600,65535
2022-10-07 21:38:08.487215,112,127,133120,65535
2022-10-07 21:38:08.538515,112,120,133120,65535
2022-10-07 21:38:08.589809,112,112,133120,65535
2022-10-07 21:38:08.641148,112,104,133120,65535
2022-10-07 21:38:08.692473,112,96,133120,65535
2022-10-07 21:38:08.743868,112,88,133120,65535
2022-10-07 21:38:08.795201,112,80,133120,65535
2022-10-07 21:38:08.846521,112,72,133120,65535
2022-10-07 21:38:08.897920,112,64,171520,65535
2022-10-07 21:38:08.949404,112,56,240640,65535
2022-10-07 21:38:09.501377,112,48,261120,65535
2022-10-07 21:38:09.552660,112,40,261120,65535
2022-10-07 21:38:09.604117,112,32,263680,65535
2022-10-07 21:38:09.655523,112,24,279040,65535
2022-10-07 21:38:09.706884,112,16,399360,65535
2022-10-07 21:38:09.758217,112,8,1018880,65535
2022-10-07 21:38:09.809590,112,0,2135040,65535
2022-10-07 21:38:09.860998,120,-127,130560,65535
2022-10-07 21:38:09.912393,120,-120,130560,65535
2022-10-07 21:38:09.963658,120,-112,130560,65535
2022-10-07 21:38:10.515587,120,-104,130560,65535
2022-10-07 21:38:10.566902,120,-96,130560,65535
2022-10-07 21:38:10.618427,120,-88,130560,65535
2022-10-07 21:38:10.669716,120,-80,130560,65535
2022-10-07 21:38:10.721134,120,-72,130560,65535
2022-10-07 21:38:10.772523,120,-64,161280,65535
2022-10-07 21:38:10.823816,120,-56,261120,65535
2022-10-07 21:38:10.875144,120,-48,258560,65535
2022-10-07 21:38:10.926473,120,-40,261120,65535
2022-10-07 21:38:10.977904,120,-32,261120,65535
2022-10-07 21:38:11.529828,120,-24,263680,65535
2022-10-07 21:38:11.581179,120,-16,276480,65535
2022-10-07 21:38:11.632485,120,-8,389120,65535
2022-10-07 21:38:11.683797,120,127,130560,65535
2022-10-07 21:38:11.735144,120,120,133120,65535
2022-10-07 21:38:11.786447,120,112,133120,65535
2022-10-07 21:38:11.837740,120,104,133120,65535
2022-10-07 21:38:11.889041,120,96,133120,65535
2022-10-07 21:38:11.940388,120,88,133120,65535
2022-10-07 21:38:11.991673,120,80,133120,65535
2022-10-07 21:38:12.543613,120,72,133120,65535
2022-10-07 21:38:12.594918,120,64,168960,65535
2022-10-07 21:38:12.646260,120,56,240640,65535
2022-10-07 21:38:12.697546,120,48,258560,65535
2022-10-07 21:38:12.748833,120,40,261120,65535
2022-10-07 21:38:12.800179,120,32,261120,65535
2022-10-07 21:38:12.851538,120,24,263680,65535
2022-10-07 21:38:12.902842,120,16,299520,65535
2022-10-07 21:38:12.954220,120,8,445440,65535
2022-10-07 21:38:13.005542,120,0,555520,65535
2022-10-07 21:38:13.557520,128,-127,130560,65535
2022-10-07 21:38:13.608836,128,-120,130560,65535
2022-10-07 21:38:13.660205,128,-112,130560,65535
2022-10-07 21:38:13.711534,128,-104,130560,65535
2022-10-07 21:38:13.762830,128,-96,130560,65535
2022-10-07 21:38:13.814171,128,-88,130560,65535
2022-10-07 21:38:13.865467,128,-80,130560,65535
2022-10-07 21:38:13.916754,128,-72,130560,65535
2022-10-07 21:38:13.968083,128,-64,156160,65535
2022-10-07 21:38:14.019406,128,-56,258560,65535
2022-10-07 21:38:14.571374,128,-48,258560,65535
2022-10-07 21:38:14.622667,128,-40,261120,65535
2022-10-07 21:38:14.673972,128,-32,261120,65535
2022-10-07 21:38:14.725305,128,-24,261120,65535
2022-10-07 21:38:14.776574,128,-16,263680,65535
2022-10-07 21:38:14.827880,128,-8,261120,65535
2022-10-07 21:38:14.879230,128,127,133120,65535
2022-10-07 21:38:14.930533,128,120,133120,65535
2022-10-07 21:38:14.981883,128,112,133120,65535
2022-10-07 21:38:15.033218,128,104,133120,65535
2022-10-07 21:38:15.585346,128,96,133120,65535
2022-10-07 21:38:15.636611,128,88,133120,65535
2022-10-07 21:38:15.688003,128,80,133120,65535
2022-10-07 21:38:15.739400,128,72,133120,65535
2022-10-07 21:38:15.790680,128,64,166400,65535
2022-10-07 21:38:15.841965,128,56,238080,65535
2022-10-07 21:38:15.893317,128,48,261120,65535
2022-10-07 21:38:15.944745,128,40,261120,65535
2022-10-07 21:38:15.996482,128,32,261120,65535
2022-10-07 21:38:16.047901,128,24,261120,65535
2022-10-07 21:38:16.599887,128,16,263680,65535
2022-10-07 21:38:16.651214,128,8,261120,65535
2022-10-07 21:38:16.702494,128,0,263680,65535
2022-10-07 21:38:17.055958,-72,0,335539200,6
2022-10-07 21:38:17.708236,-64,-8,335539200,50
2022-10-07 21:38:18.060623,-64,8,335539200,4
2022-10-07 21:38:18.713109,-64,0,335539200,0
2022-10-07 21:38:19.065725,-56,-8,335539200,4
2022-10-07 21:38:19.718035,-56,8,335539200,0
2022-10-07 21:38:20.070369,-56,0,335539200,0
2022-10-07 21:38:20.722570,-48,-16,335539200,30
2022-10-07 21:38:21.074886,-48,-8,335539200,0
2022-10-07 21:38:21.727334,-48,16,335539200,4
2022-10-07 21:38:22.079876,-48,8,335539200,0
2022-10-07 21:38:22.732243,-48,0,335539200,0
2022-10-07 21:38:23.084648,-40,-16,335539200,0
2022-10-07 21:38:23.084685,-40,-8,335539200,0
2022-10-07 21:38:23.737010,-40,16,335539200,0
2022-10-07 21:38:23.737047,-40,8,335539200,0
2022-10-07 21:38:24.089367,-40,0,335539200,0
2022-10-07 21:38:24.741635,-32,-24,335539200,81
2022-10-07 21:38:25.094015,-32,-16,335539200,0
2022-10-07 21:38:25.094053,-32,-8,335539200,0
2022-10-07 21:38:25.746387,-32,24,335539200,14
2022-10-07 21:38:26.098678,-32,16,335539200,0
2022-10-07 21:38:26.098715,-32,8,335539200,0
2022-10-07 21:38:26.750916,-32,0,335539200,0
2022-10-07 21:38:27.103273,-24,-24,335539200,4
2022-10-07 21:38:27.755504,-24,-16,335539200,0
2022-10-07 21:38:27.755542,-24,-8,335539200,0
2022-10-07 21:38:28.107918,-24,24,335539200,0
2022-10-07 21:38:28.107960,-24,16,335539200,0
2022-10-07 21:38:28.107979,-24,8,335539200,0
2022-10-07 21:38:28.760247,-24,0,335539200,0
2022-10-07 21:38:29.112554,-16,-24,335539200,0
2022-10-07 21:38:29.112591,-16,-16,335539200,0
2022-10-07 21:38:29.112607,-16,-8,335539200,0
2022-10-07 21:38:29.765010,-16,24,335539200,0
2022-10-07 21:38:29.765049,-16,16,335539200,0
2022-10-07 21:38:29.765099,-16,8,335539200,0
2022-10-07 21:38:30.117641,-16,0,335539200,0
2022-10-07 21:38:30.769971,-8,-32,335539200,9
2022-10-07 21:38:31.122368,-8,-24,335539200,0
2022-10-07 21:38:31.122405,-8,-16,335539200,0
2022-10-07 21:38:31.122422,-8,-8,335539200,0
2022-10-07 21:38:31.774643,-8,32,335539200,3
2022-10-07 21:38:32.126959,-8,24,335539200,0
2022-10-07 21:38:32.126997,-8,16,335539200,0
2022-10-07 21:38:32.127013,-8,8,335539200,0
2022-10-07 21:38:32.779259,-8,0,335539200,0
2022-10-07 21:38:33.131553,0,-32,335539200,3
2022-10-07 21:38:33.783895,0,-24,335539200,0
2022-10-07 21:38:33.783932,0,-16,335539200,0
2022-10-07 21:38:33.783949,0,-8,335539200,0
2022-10-07 21:38:34.136339,0,32,335539200,0
2022-10-07 21:38:34.136378,0,24,335539200,0
2022-10-07 21:38:34.136394,0,16,335539200,0
2022-10-07 21:38:34.136409,0,8,335539200,0
2022-10-07 21:38:34.788619,0,0,335539200,0
2022-10-07 21:38:35.141199,8,-32,335539200,0
2022-10-07 21:38:35.141236,8,-24,335539200,0
2022-10-07 21:38:35.141253,8,-16,335539200,0
2022-10-07 21:38:35.141268,8,-8,335539200,0
2022-10-07 21:38:35.793612,8,32,335539200,0
2022-10-07 21:38:35.793649,8,24,335539200,0
2022-10-07 21:38:35.793666,8,16,335539200,0
2022-10-07 21:38:35.793681,8,8,335539200,0
2022-10-07 21:38:36.146321,8,0,335539200,0
2022-10-07 21:38:36.798655,16,-40,335539200,49
2022-10-07 21:38:37.151081,16,-32,335539200,0
2022-10-07 21:38:37.151120,16,-24,335539200,0
2022-10-07 21:38:37.151136,16,-16,335539200,0
2022-10-07 21:38:37.151152,16,-8,335539200,0
2022-10-07 21:38:37.803379,16,40,335539200,24
2022-10-07 21:38:38.155659,16,32,335539200,0
2022-10-07 21:38:38.155697,16,24,335539200,0
2022-10-07 21:38:38.155714,16,16,335539200,0
2022-10-07 21:38:38.155729,16,8,335539200,0
2022-10-07 21:38:38.807945,16,0,335539200,0
2022-10-07 21:38:39.160307,24,-40,335539200,5
2022-10-07 21:38:39.812753,24,-32,335539200,0
2022-10-07 21:38:39.812790,24,-24,335539200,0
2022-10-07 21:38:39.812806,24,-16,335539200,0
2022-10-07 21:38:39.812821,24,-8,335539200,0
2022-10-07 21:38:40.165398,24,40,335539200,0
2022-10-07 21:38:40.165436,24,32,335539200,0
2022-10-07 21:38:40.165452,24,24,335539200,0
2022-10-07 21:38:40.165467,24,16,335539200,0
2022-10-07 21:38:40.165482,24,8,335539200,0
2022-10-07 21:38:40.817662,24,0,335539200,0
2022-10-07 21:38:41.169977,32,-40,335539200,33
2022-10-07 21:38:41.822325,32,-32,335539200,0
2022-10-07 21:38:41.822363,32,-24,335539200,0
2022-10-07 21:38:41.822380,32,-16,335539200,0
2022-10-07 21:38:41.822395,32,-8,335539200,0
2022-10-07 21:38:42.174705,32,40,335539200,88
2022-10-07 21:38:42.826997,32,32,335539200,0
2022-10-07 21:38:42.827034,32,24,335539200,0
2022-10-07 21:38:42.827051,32,16,335539200,0
2022-10-07 21:38:42.827099,32,8,335539200,0
2022-10-07 21:38:43.179630,32,0,335539200,0
2022-10-07 21:38:43.831951,40,-32,335539200,3
2022-10-07 21:38:44.184303,40,-24,335539200,0
2022-10-07 21:38:44.184566,40,-16,335539200,0
2022-10-07 21:38:44.184589,40,-8,335539200,0
2022-10-07 21:38:44.836786,40,32,335539200,2
2022-10-07 21:38:45.189167,40,24,335539200,0
2022-10-07 21:38:45.189204,40,16,335539200,0
2022-10-07 21:38:45.189221,40,8,335539200,0
2022-10-07 21:38:45.841442,40,0,335539200,0
2022-10-07 21:38:46.193752,48,-24,335539200,1
2022-10-07 21:38:46.846026,48,-16,335539200,0
2022-10-07 21:38:46.846095,48,-8,335539200,0
2022-10-07 21:38:47.198587,48,24,335539200,0
2022-10-07 21:38:47.198624,48,16,335539200,0
2022-10-07 21:38:47.198641,48,8,335539200,0
2022-10-07 21:38:47.850941,48,0,335539200,0
2022-10-07 21:38:48.203298,56,-16,335539200,0
2022-10-07 21:38:48.203338,56,-8,335539200,0
2022-10-07 21:38:48.855638,56,24,335539200,36
2022-10-07 21:38:49.208262,56,16,335539200,0
2022-10-07 21:38:49.208299,56,8,335539200,0
2022-10-07 21:38:49.860632,56,0,335539200,0
2022-10-07 21:38:50.213042,64,-16,335539200,43
2022-10-07 21:38:50.865305,64,-8,335539200,0
2022-10-07 21:38:51.217688,64,16,335539200,13
2022-10-07 21:38:51.870003,64,8,335539200,0
2022-10-07 21:38:52.222398,64,0,335539200,0
2022-10-07 21:38:52.874648,72,-8,335539200,14
2022-10-07 21:38:53.227186,72,8,335539200,0
2022-10-07 21:38:53.879440,72,0,335539200,0
2022-10-07 21:38:54.231760,80,0,335539200,2
2022-10-07 21:38:54.884771,-72,0,671078400,13
2022-10-07 21:38:55.938568,-64,-8,671078400,112
2022-10-07 21:38:56.992142,-64,8,671078400,10
2022-10-07 21:38:58.045719,-64,0,671078400,0
2022-10-07 21:38:59.099441,-56,-8,671078400,1
2022-10-07 21:39:00.153409,-56,8,671078400,4
2022-10-07 21:39:01.207262,-56,0,671078400,0
2022-10-07 21:39:02.261239,-48,-16,671078400,70
2022-10-07 21:39:03.314896,-48,-8,671078400,0
2022-10-07 21:39:04.368594,-48,16,671078400,15
2022-10-07 21:39:05.422524,-48,8,671078400,0
2022-10-07 21:39:06.476401,-48,0,671078400,0
2022-10-07 21:39:07.530164,-40,-16,671078400,2
2022-10-07 21:39:08.583871,-40,-8,671078400,0
2022-10-07 21:39:09.637894,-40,16,671078400,1
2022-10-07 21:39:10.691516,-40,8,671078400,0
2022-10-07 21:39:11.745160,-40,0,671078400,0
2022-10-07 21:39:12.798759,-32,-16,671078400,0
2022-10-07 21:39:12.798799,-32,-8,671078400,0
2022-10-07 21:39:13.852383,-32,24,671078400,25
2022-10-07 21:39:14.906153,-32,16,671078400,0
2022-10-07 21:39:14.906191,-32,8,671078400,0
2022-10-07 21:39:15.959987,-32,0,671078400,0
2022-10-07 21:39:17.013886,-24,-24,671078400,4
2022-10-07 21:39:18.067541,-24,-16,671078400,0
2022-10-07 21:39:18.067579,-24,-8,671078400,0
2022-10-07 21:39:19.121153,-24,24,671078400,0
2022-10-07 21:39:19.121193,-24,16,671078400,0
2022-10-07 21:39:19.121209,-24,8,671078400,0
2022-10-07 21:39:20.174761,-24,0,671078400,0
2022-10-07 21:39:21.228597,-16,-24,671078400,0
2022-10-07 21:39:21.228635,-16,-16,671078400,0
2022-10-07 21:39:21.228652,-16,-8,671078400,0
2022-10-07 21:39:22.282603,-16,24,671078400,0
2022-10-07 21:39:22.282640,-16,16,671078400,0
2022-10-07 21:39:22.282657,-16,8,671078400,0
2022-10-07 21:39:23.336379,-16,0,671078400,0
2022-10-07 21:39:24.390152,-8,-32,671078400,9
2022-10-07 21:39:25.443728,-8,-24,671078400,0
2022-10-07 21:39:25.443766,-8,-16,671078400,0
2022-10-07 21:39:25.443783,-8,-8,671078400,0
2022-10-07 21:39:26.497649,-8,32,671078400,4
2022-10-07 21:39:27.551590,-8,24,671078400,0
2022-10-07 21:39:27.551627,-8,16,671078400,0
2022-10-07 21:39:27.551644,-8,8,671078400,0
2022-10-07 21:39:28.605540,-8,0,671078400,0
2022-10-07 21:39:29.659315,0,-32,671078400,0
2022-10-07 21:39:29.659355,0,-24,671078400,0
2022-10-07 21:39:29.659372,0,-16,671078400,0
2022-10-07 21:39:29.659386,0,-8,671078400,0
2022-10-07 21:39:30.713502,0,32,671078400,0
2022-10-07 21:39:30.713538,0,24,671078400,0
2022-10-07 21:39:30.713554,0,16,671078400,0
2022-10-07 21:39:30.713569,0,8,671078400,0
2022-10-07 21:39:31.767130,0,0,671078400,0
2022-10-07 21:39:32.820782,8,-32,671078400,0
2022-10-07 21:39:32.820820,8,-24,671078400,0
2022-10-07 21:39:32.820837,8,-16,671078400,0
2022-10-07 21:39:32.820852,8,-8,671078400,0
2022-10-07 21:39:33.874552,8,32,671078400,0
2022-10-07 21:39:33.874590,8,24,671078400,0
2022-10-07 21:39:33.874606,8,16,671078400,0
2022-10-07 21:39:33.874621,8,8,671078400,0
2022-10-07 21:39:34.928162,8,0,671078400,0
2022-10-07 21:39:35.981638,16,-40,671078400,80
2022-10-07 21:39:37.035556,16,-32,671078400,0
2022-10-07 21:39:37.035592,16,-24,671078400,0
2022-10-07 21:39:37.035609,16,-16,671078400,0
2022-10-07 21:39:37.035624,16,-8,671078400,0
2022-10-07 21:39:38.089390,16,40,671078400,31
2022-10-07 21:39:39.143279,16,32,671078400,0
2022-10-07 21:39:39.143316,16,24,671078400,0
2022-10-07 21:39:39.143332,16,16,671078400,0
2022-10-07 21:39:39.143347,16,8,671078400,0
2022-10-07 21:39:40.196888,16,0,671078400,0
2022-10-07 21:39:41.250639,24,-40,671078400,1
2022-10-07 21:39:42.304293,24,-32,671078400,0
2022-10-07 21:39:42.304333,24,-24,671078400,0
2022-10-07 21:39:42.304351,24,-16,671078400,0
2022-10-07 21:39:42.304366,24,-8,671078400,0
2022-10-07 21:39:43.358198,24,40,671078400,1
2022-10-07 21:39:44.411761,24,32,671078400,0
2022-10-07 21:39:44.411798,24,24,671078400,0
2022-10-07 21:39:44.411815,24,16,671078400,0
2022-10-07 21:39:44.411830,24,8,671078400,0
2022-10-07 21:39:45.465637,24,0,671078400,0
2022-10-07 21:39:46.519532,32,-40,671078400,70
2022-10-07 21:39:47.573413,32,-32,671078400,0
2022-10-07 21:39:47.573453,32,-24,671078400,0
2022-10-07 21:39:47.573469,32,-16,671078400,0
2022-10-07 21:39:47.573490,32,-8,671078400,0
2022-10-07 21:39:48.627238,32,32,671078400,0
2022-10-07 21:39:48.627276,32,24,671078400,0
2022-10-07 21:39:48.627292,32,16,671078400,0
2022-10-07 21:39:48.627307,32,8,671078400,0
2022-10-07 21:39:49.680837,32,0,671078400,0
2022-10-07 21:39:50.734683,40,-32,671078400,3
2022-10-07 21:39:51.788405,40,-24,671078400,0
2022-10-07 21:39:51.788441,40,-16,671078400,0
2022-10-07 21:39:51.788459,40,-8,671078400,0
2022-10-07 21:39:52.843084,40,32,671078400,7
2022-10-07 21:39:53.896862,40,24,671078400,0
2022-10-07 21:39:53.896901,40,16,671078400,0
2022-10-07 21:39:53.896918,40,8,671078400,0
2022-10-07 21:39:54.950688,40,0,671078400,0
2022-10-07 21:39:56.004293,48,-24,671078400,2
2022-10-07 21:39:57.057810,48,-16,671078400,0
2022-10-07 21:39:57.057848,48,-8,671078400,0
2022-10-07 21:39:58.111615,48,24,671078400,0
2022-10-07 21:39:58.111653,48,16,671078400,0
2022-10-07 21:39:58.111670,48,8,671078400,0
2022-10-07 21:39:59.165440,48,0,671078400,0
2022-10-07 21:40:00.219214,56,-16,671078400,1
2022-10-07 21:40:01.273464,56,-8,671078400,0
2022-10-07 21:40:02.327284,56,24,671078400,116
2022-10-07 21:40:03.380813,56,16,671078400,0
2022-10-07 21:40:03.380850,56,8,671078400,0
2022-10-07 21:40:04.434448,56,0,671078400,0
2022-10-07 21:40:05.488137,64,-16,671078400,99
2022-10-07 21:40:06.541749,64,-8,671078400,0
2022-10-07 21:40:07.595594,64,16,671078400,14
2022-10-07 21:40:08.649495,64,8,671078400,0
2022-10-07 21:40:09.703099,64,0,671078400,0
2022-10-07 21:40:10.756674,72,-8,671078400,17
2022-10-07 21:40:11.810262,72,8,671078400,1
2022-10-07 21:40:12.863851,72,0,671078400,0
2022-10-07 21:40:13.917858,80,0,671078400,12
