2022-10-07 18:49:23.707122,-128,-127,128000,65535
2022-10-07 18:49:23.758464,-128,-120,130560,65535
2022-10-07 18:49:23.809840,-128,-112,130560,65535
2022-10-07 18:49:24.361815,-128,-104,130560,65535
2022-10-07 18:49:24.413317,-128,-96,130560,65535
2022-10-07 18:49:24.464720,-128,-88,130560,65535
2022-10-07 18:49:24.516051,-128,-80,130560,65535
2022-10-07 18:49:24.567407,-128,-72,130560,65535
2022-10-07 18:49:24.618757,-128,-64,140800,65535
2022-10-07 18:49:24.670105,-128,-56,207360,65535
2022-10-07 18:49:24.721487,-128,-48,261120,65535
2022-10-07 18:49:24.772786,-128,-40,261120,65535
2022-10-07 18:49:24.824244,-128,-32,261120,65535
2022-10-07 18:49:25.376236,-128,-24,258560,65535
2022-10-07 18:49:25.427629,-128,-16,256000,65535
2022-10-07 18:49:25.478944,-128,-8,258560,65535
2022-10-07 18:49:25.530340,-128,127,133120,65535
2022-10-07 18:49:25.581631,-128,120,133120,65535
2022-10-07 18:49:25.632998,-128,112,133120,65535
2022-10-07 18:49:25.684368,-128,104,133120,65535
2022-10-07 18:49:25.735699,-128,96,133120,65535
2022-10-07 18:49:25.787027,-128,88,133120,65535
2022-10-07 18:49:25.838394,-128,80,133120,65535
2022-10-07 18:49:26.390353,-128,72,133120,65535
2022-10-07 18:49:26.441621,-128,64,151040,65535
2022-10-07 18:49:26.492916,-128,56,209920,65535
2022-10-07 18:49:26.544338,-128,48,261120,65535
2022-10-07 18:49:26.595694,-128,40,261120,65535
2022-10-07 18:49:26.646984,-128,32,261120,65535
2022-10-07 18:49:26.698341,-128,24,256000,65535
2022-10-07 18:49:26.749599,-128,16,258560,65535
2022-10-07 18:49:26.801046,-128,8,268800,65535
2022-10-07 18:49:26.852385,-128,0,266240,65535
2022-10-07 18:49:27.404453,-120,-127,130560,65535
2022-10-07 18:49:27.455910,-120,-120,130560,65535
2022-10-07 18:49:27.507271,-120,-112,130560,65535
2022-10-07 18:49:27.558548,-120,-104,130560,65535
2022-10-07 18:49:27.609904,-120,-96,130560,65535
2022-10-07 18:49:27.661246,-120,-88,130560,65535
2022-10-07 18:49:27.712603,-120,-80,130560,65535
2022-10-07 18:49:27.763910,-120,-72,130560,65535
2022-10-07 18:49:27.815363,-120,-64,143360,65535
2022-10-07 18:49:27.866710,-120,-56,217600,65535
2022-10-07 18:49:28.418685,-120,-48,258560,65535
2022-10-07 18:49:28.470028,-120,-40,261120,65535
2022-10-07 18:49:28.521363,-120,-32,261120,65535
2022-10-07 18:49:28.572788,-120,-24,261120,65535
2022-10-07 18:49:28.624143,-120,-16,268800,65535
2022-10-07 18:49:28.675456,-120,-8,345600,65535
2022-10-07 18:49:28.726739,-120,127,133120,65535
2022-10-07 18:49:28.778231,-120,120,133120,65535
2022-10-07 18:49:28.829516,-120,112,133120,65535
2022-10-07 18:49:28.880838,-120,104,133120,65535
2022-10-07 18:49:29.432915,-120,96,133120,65535
2022-10-07 18:49:29.484265,-120,88,133120,65535
2022-10-07 18:49:29.535597,-120,80,133120,65535
2022-10-07 18:49:29.586922,-120,72,133120,65535
2022-10-07 18:49:29.638261,-120,64,153600,65535
2022-10-07 18:49:29.689551,-120,56,215040,65535
2022-10-07 18:49:29.740839,-120,48,258560,65535
2022-10-07 18:49:29.792333,-120,40,261120,65535
2022-10-07 18:49:29.843745,-120,32,261120,65535
2022-10-07 18:49:29.895132,-120,24,261120,65535
2022-10-07 18:49:30.447191,-120,16,284160,65535
2022-10-07 18:49:30.498619,-120,8,401920,65535
2022-10-07 18:49:30.549919,-120,0,514560,65535
2022-10-07 18:49:30.601252,-112,-127,128000,65535
2022-10-07 18:49:30.652570,-112,-120,130560,65535
2022-10-07 18:49:30.703882,-112,-112,130560,65535
2022-10-07 18:49:30.755268,-112,-104,130560,65535
2022-10-07 18:49:30.806595,-112,-96,130560,65535
2022-10-07 18:49:30.857910,-112,-88,130560,65535
2022-10-07 18:49:30.909266,-112,-80,130560,65535
2022-10-07 18:49:31.461426,-112,-72,130560,65535
2022-10-07 18:49:31.512707,-112,-64,143360,65535
2022-10-07 18:49:31.564018,-112,-56,215040,65535
2022-10-07 18:49:31.615453,-112,-48,261120,65535
2022-10-07 18:49:31.666746,-112,-40,261120,65535
2022-10-07 18:49:31.718137,-112,-32,261120,65535
2022-10-07 18:49:31.769511,-112,-24,263680,65535
2022-10-07 18:49:31.820841,-112,-16,286720,65535
2022-10-07 18:49:31.872228,-112,-8,550400,65535
2022-10-07 18:49:31.923516,-112,127,133120,65535
2022-10-07 18:49:32.475695,-112,120,133120,65535
2022-10-07 18:49:32.527115,-112,112,133120,65535
2022-10-07 18:49:32.578721,-112,104,133120,65535
2022-10-07 18:49:32.630081,-112,96,133120,65535
2022-10-07 18:49:32.681397,-112,88,133120,65535
2022-10-07 18:49:32.732679,-112,80,133120,65535
2022-10-07 18:49:32.784038,-112,72,133120,65535
2022-10-07 18:49:32.835387,-112,64,153600,65535
2022-10-07 18:49:32.886744,-112,56,212480,65535
2022-10-07 18:49:32.938100,-112,48,258560,65535
2022-10-07 18:49:33.490113,-112,40,261120,65535
2022-10-07 18:49:33.541485,-112,32,261120,65535
2022-10-07 18:49:33.592792,-112,24,268800,65535
2022-10-07 18:49:33.644143,-112,16,330240,65535
2022-10-07 18:49:33.695471,-112,8,688640,65535
2022-10-07 18:49:33.746797,-112,0,1313280,65535
2022-10-07 18:49:33.798195,-104,-127,130560,65535
2022-10-07 18:49:33.850004,-104,-120,130560,65535
2022-10-07 18:49:33.901381,-104,-112,130560,65535
2022-10-07 18:49:33.952673,-104,-104,130560,65535
2022-10-07 18:49:34.504654,-104,-96,130560,65535
2022-10-07 18:49:34.556036,-104,-88,130560,65535
2022-10-07 18:49:34.607372,-104,-80,130560,65535
2022-10-07 18:49:34.658692,-104,-72,130560,65535
2022-10-07 18:49:34.710029,-104,-64,143360,65535
2022-10-07 18:49:34.761412,-104,-56,217600,65535
2022-10-07 18:49:34.812717,-104,-48,258560,65535
2022-10-07 18:49:34.864178,-104,-40,261120,65535
2022-10-07 18:49:34.915471,-104,-32,261120,65535
2022-10-07 18:49:34.966927,-104,-24,268800,65535
2022-10-07 18:49:35.519105,-104,-16,355840,65535
2022-10-07 18:49:35.570434,-104,-8,1090560,65535
2022-10-07 18:49:35.621748,-104,127,133120,65535
2022-10-07 18:49:35.673142,-104,120,133120,65535
2022-10-07 18:49:35.724528,-104,112,133120,65535
2022-10-07 18:49:35.775840,-104,104,133120,65535
2022-10-07 18:49:35.827258,-104,96,133120,65535
2022-10-07 18:49:35.878658,-104,88,133120,65535
2022-10-07 18:49:35.929977,-104,80,133120,65535
2022-10-07 18:49:35.981342,-104,72,133120,65535
2022-10-07 18:49:36.533278,-104,64,153600,65535
2022-10-07 18:49:36.584549,-104,56,207360,65535
2022-10-07 18:49:36.635852,-104,48,258560,65535
2022-10-07 18:49:36.687220,-104,40,261120,65535
2022-10-07 18:49:36.738548,-104,32,263680,65535
2022-10-07 18:49:36.789842,-104,24,279040,65535
2022-10-07 18:49:36.841171,-104,16,419840,65535
2022-10-07 18:49:36.892455,-104,8,1369600,65535
2022-10-07 18:49:36.943728,-104,0,4254720,65535
2022-10-07 18:49:36.995085,-96,-127,130560,65535
2022-10-07 18:49:37.547093,-96,-120,130560,65535
2022-10-07 18:49:37.598430,-96,-112,130560,65535
2022-10-07 18:49:37.649713,-96,-104,130560,65535
2022-10-07 18:49:37.701042,-96,-96,130560,65535
2022-10-07 18:49:37.752398,-96,-88,130560,65535
2022-10-07 18:49:37.803735,-96,-80,130560,65535
2022-10-07 18:49:37.855047,-96,-72,130560,65535
2022-10-07 18:49:37.906461,-96,-64,140800,65535
2022-10-07 18:49:37.957842,-96,-56,215040,65535
2022-10-07 18:49:38.009180,-96,-48,261120,65535
2022-10-07 18:49:38.561309,-96,-40,261120,65535
2022-10-07 18:49:38.612570,-96,-32,263680,65535
2022-10-07 18:49:38.663867,-96,-24,284160,65535
2022-10-07 18:49:38.715292,-96,-16,519680,65535
2022-10-07 18:49:38.766556,-96,-8,2882560,65535
2022-10-07 18:49:38.817998,-96,127,130560,65535
2022-10-07 18:49:38.869432,-96,120,133120,65535
2022-10-07 18:49:38.920706,-96,112,133120,65535
2022-10-07 18:49:38.972009,-96,104,133120,65535
2022-10-07 18:49:39.023476,-96,96,133120,65535
2022-10-07 18:49:39.575484,-96,88,133120,65535
2022-10-07 18:49:39.626764,-96,80,133120,65535
2022-10-07 18:49:39.678122,-96,72,133120,65535
2022-10-07 18:49:39.729502,-96,64,151040,65535
2022-10-07 18:49:39.780805,-96,56,215040,65535
2022-10-07 18:49:39.832262,-96,48,261120,65535
2022-10-07 18:49:39.883578,-96,40,261120,65535
2022-10-07 18:49:39.934909,-96,32,266240,65535
2022-10-07 18:49:39.986402,-96,24,312320,65535
2022-10-07 18:49:40.037683,-96,16,650240,65535
2022-10-07 18:49:40.589607,-96,8,3988480,65535
2022-10-07 18:49:40.640948,-96,0,10478080,65535
2022-10-07 18:49:40.692289,-88,-127,128000,65535
2022-10-07 18:49:40.743643,-88,-120,130560,65535
2022-10-07 18:49:40.794947,-88,-112,130560,65535
2022-10-07 18:49:40.846272,-88,-104,130560,65535
2022-10-07 18:49:40.897641,-88,-96,130560,65535
2022-10-07 18:49:40.948944,-88,-88,130560,65535
2022-10-07 18:49:41.000415,-88,-80,130560,65535
2022-10-07 18:49:41.051695,-88,-72,130560,65535
2022-10-07 18:49:41.603790,-88,-64,143360,65535
2022-10-07 18:49:41.655126,-88,-56,209920,65535
2022-10-07 18:49:41.706404,-88,-48,258560,65535
2022-10-07 18:49:41.757673,-88,-40,261120,65535
2022-10-07 18:49:41.808983,-88,-32,268800,65535
2022-10-07 18:49:41.860371,-88,-24,332800,65535
2022-10-07 18:49:41.911706,-88,-16,921600,65535
2022-10-07 18:49:41.963008,-88,-8,9036800,65535
2022-10-07 18:49:42.014479,-88,127,133120,65535
2022-10-07 18:49:42.065859,-88,120,133120,65535
2022-10-07 18:49:42.617841,-88,112,133120,65535
2022-10-07 18:49:42.669170,-88,104,133120,65535
2022-10-07 18:49:42.720464,-88,96,133120,65535
2022-10-07 18:49:42.771773,-88,88,133120,65535
2022-10-07 18:49:42.823275,-88,80,133120,65535
2022-10-07 18:49:42.874572,-88,72,133120,65535
2022-10-07 18:49:42.925851,-88,64,151040,65535
2022-10-07 18:49:42.977273,-88,56,209920,65535
2022-10-07 18:49:43.028673,-88,48,258560,65535
2022-10-07 18:49:43.079957,-88,40,261120,65535
2022-10-07 18:49:43.631885,-88,32,279040,65535
2022-10-07 18:49:43.683237,-88,24,384000,65535
2022-10-07 18:49:43.734507,-88,16,1249280,65535
2022-10-07 18:49:43.785777,-88,8,12003840,65535
2022-10-07 18:49:43.837129,-88,0,20477440,65535
2022-10-07 18:49:43.888410,-80,-127,128000,65535
2022-10-07 18:49:43.939698,-80,-120,130560,65535
2022-10-07 18:49:43.991937,-80,-112,130560,65535
2022-10-07 18:49:44.043372,-80,-104,130560,65535
2022-10-07 18:49:44.094687,-80,-96,130560,65535
2022-10-07 18:49:44.646622,-80,-88,130560,65535
2022-10-07 18:49:44.697910,-80,-80,130560,65535
2022-10-07 18:49:44.749226,-80,-72,130560,65535
2022-10-07 18:49:44.800511,-80,-64,140800,65535
2022-10-07 18:49:44.851811,-80,-56,217600,65535
2022-10-07 18:49:44.903211,-80,-48,258560,65535
2022-10-07 18:49:44.954551,-80,-40,261120,65535
2022-10-07 18:49:45.005853,-80,-32,286720,65535
2022-10-07 18:49:45.057234,-80,-24,450560,65535
2022-10-07 18:49:45.108531,-80,-16,2222080,65535
2022-10-07 18:49:45.660406,-80,-8,22410240,65535
2022-10-07 18:49:45.711554,-80,127,133120,65535
2022-10-07 18:49:45.762804,-80,120,133120,65535
2022-10-07 18:49:45.813976,-80,112,133120,65535
2022-10-07 18:49:45.865022,-80,104,133120,65535
2022-10-07 18:49:45.916335,-80,96,133120,65535
2022-10-07 18:49:45.967624,-80,88,133120,65535
2022-10-07 18:49:46.018912,-80,80,133120,65535
2022-10-07 18:49:46.070274,-80,72,133120,65535
2022-10-07 18:49:46.121637,-80,64,151040,65535
2022-10-07 18:49:46.673583,-80,56,215040,65535
2022-10-07 18:49:46.724887,-80,48,261120,65535
2022-10-07 18:49:46.776208,-80,40,263680,65535
2022-10-07 18:49:46.827481,-80,32,299520,65535
2022-10-07 18:49:46.878899,-80,24,540160,65535
2022-10-07 18:49:46.930220,-80,16,3489280,65535
2022-10-07 18:49:46.981556,-80,8,27650560,65535
2022-10-07 18:49:47.033007,-80,0,42954240,65535
2022-10-07 18:49:47.084353,-72,-127,130560,65535
2022-10-07 18:49:47.135703,-72,-120,130560,65535
2022-10-07 18:49:47.687635,-72,-112,130560,65535
2022-10-07 18:49:47.738956,-72,-104,130560,65535
2022-10-07 18:49:47.790385,-72,-96,130560,65535
2022-10-07 18:49:47.841677,-72,-88,130560,65535
2022-10-07 18:49:47.892994,-72,-80,130560,65535
2022-10-07 18:49:47.944368,-72,-72,130560,65535
2022-10-07 18:49:47.995685,-72,-64,143360,65535
2022-10-07 18:49:48.047006,-72,-56,215040,65535
2022-10-07 18:49:48.098337,-72,-48,261120,65535
2022-10-07 18:49:48.149623,-72,-40,263680,65535
2022-10-07 18:49:48.701761,-72,-32,322560,65535
2022-10-07 18:49:48.753275,-72,-24,719360,65535
2022-10-07 18:49:48.804542,-72,-16,6448640,65535
2022-10-07 18:49:48.855896,-72,-8,45268480,65535
2022-10-07 18:49:48.907373,-72,127,130560,65535
2022-10-07 18:49:48.958738,-72,120,133120,65535
2022-10-07 18:49:49.010039,-72,112,133120,65535
2022-10-07 18:49:49.061362,-72,104,133120,65535
2022-10-07 18:49:49.112640,-72,96,133120,65535
2022-10-07 18:49:49.163944,-72,88,133120,65535
2022-10-07 18:49:49.715893,-72,80,133120,65535
2022-10-07 18:49:49.767391,-72,72,133120,65535
2022-10-07 18:49:49.818671,-72,64,153600,65535
2022-10-07 18:49:49.870038,-72,56,212480,65535
2022-10-07 18:49:49.921434,-72,48,258560,65535
2022-10-07 18:49:49.972760,-72,40,268800,65535
2022-10-07 18:49:50.024095,-72,32,353280,65535
2022-10-07 18:49:50.075398,-72,24,878080,65535
2022-10-07 18:49:50.126668,-72,16,10624000,65535
2022-10-07 18:49:50.178089,-72,8,55797760,65535
2022-10-07 18:49:50.830700,-72,0,102307840,65535
2022-10-07 18:49:50.882032,-64,-127,128000,65535
2022-10-07 18:49:50.933376,-64,-120,130560,65535
2022-10-07 18:49:50.984731,-64,-112,130560,65535
2022-10-07 18:49:51.036107,-64,-104,130560,65535
2022-10-07 18:49:51.087498,-64,-96,130560,65535
2022-10-07 18:49:51.138775,-64,-88,130560,65535
2022-10-07 18:49:51.190278,-64,-80,130560,65535
2022-10-07 18:49:51.742215,-64,-72,130560,65535
2022-10-07 18:49:51.793546,-64,-64,140800,65535
2022-10-07 18:49:51.844843,-64,-56,217600,65535
2022-10-07 18:49:51.896184,-64,-48,258560,65535
2022-10-07 18:49:51.947600,-64,-40,268800,65535
2022-10-07 18:49:51.998897,-64,-32,401920,65535
2022-10-07 18:49:52.050292,-64,-24,1456640,65535
2022-10-07 18:49:52.101612,-64,-16,17856000,65535
2022-10-07 18:49:52.754132,-64,-8,92833280,65535
2022-10-07 18:49:52.805451,-64,127,130560,65535
2022-10-07 18:49:52.856752,-64,120,133120,65535
2022-10-07 18:49:52.908164,-64,112,133120,65535
2022-10-07 18:49:52.959494,-64,104,133120,65535
2022-10-07 18:49:53.010775,-64,96,133120,65535
2022-10-07 18:49:53.062236,-64,88,133120,65535
2022-10-07 18:49:53.113582,-64,80,133120,65535
2022-10-07 18:49:53.164886,-64,72,133120,65535
2022-10-07 18:49:53.216218,-64,64,153600,65535
2022-10-07 18:49:53.768153,-64,56,220160,65535
2022-10-07 18:49:53.819468,-64,48,258560,65535
2022-10-07 18:49:53.870736,-64,40,284160,65535
2022-10-07 18:49:53.922139,-64,32,450560,65535
2022-10-07 18:49:53.973418,-64,24,1676800,65535
2022-10-07 18:49:54.024692,-64,16,25477120,65535
2022-10-07 18:49:54.176332,-64,8,121687040,65535
2022-10-07 18:49:54.828695,-64,0,167769600,36467
2022-10-07 18:49:54.879995,-56,-127,128000,65535
2022-10-07 18:49:54.931390,-56,-120,130560,65535
2022-10-07 18:49:54.982713,-56,-112,130560,65535
2022-10-07 18:49:55.034853,-56,-104,130560,65535
2022-10-07 18:49:55.086261,-56,-96,130560,65535
2022-10-07 18:49:55.137568,-56,-88,130560,65535
2022-10-07 18:49:55.188913,-56,-80,130560,65535
2022-10-07 18:49:55.240250,-56,-72,130560,65535
2022-10-07 18:49:55.291514,-56,-64,143360,65535
2022-10-07 18:49:55.843459,-56,-56,222720,65535
2022-10-07 18:49:55.894735,-56,-48,258560,65535
2022-10-07 18:49:55.946025,-56,-40,286720,65535
2022-10-07 18:49:55.997344,-56,-32,606720,65535
2022-10-07 18:49:56.048709,-56,-24,3642880,65535
2022-10-07 18:49:56.100045,-56,-16,36584960,65535
2022-10-07 18:49:56.251719,-56,-8,167769600,50949
2022-10-07 18:49:56.303047,-56,127,130560,65535
2022-10-07 18:49:56.855091,-56,120,133120,65535
2022-10-07 18:49:56.906394,-56,112,133120,65535
2022-10-07 18:49:56.957656,-56,104,133120,65535
2022-10-07 18:49:57.009017,-56,96,133120,65535
2022-10-07 18:49:57.060410,-56,88,133120,65535
2022-10-07 18:49:57.111687,-56,80,133120,65535
2022-10-07 18:49:57.162993,-56,72,133120,65535
2022-10-07 18:49:57.214418,-56,64,153600,65535
2022-10-07 18:49:57.265689,-56,56,217600,65535
2022-10-07 18:49:57.317136,-56,48,261120,65535
2022-10-07 18:49:57.869214,-56,40,309760,65535
2022-10-07 18:49:57.920490,-56,32,624640,65535
2022-10-07 18:49:57.971780,-56,24,4856320,65535
2022-10-07 18:49:58.023190,-56,16,50531840,65535
2022-10-07 18:49:58.174794,-56,8,167769600,34039
2022-10-07 18:49:58.326633,-56,0,167769600,9883
2022-10-07 18:49:58.878635,-48,-127,128000,65535
2022-10-07 18:49:58.929943,-48,-120,130560,65535
2022-10-07 18:49:58.981284,-48,-112,130560,65535
2022-10-07 18:49:59.032640,-48,-104,130560,65535
2022-10-07 18:49:59.083964,-48,-96,130560,65535
2022-10-07 18:49:59.135327,-48,-88,130560,65535
2022-10-07 18:49:59.186663,-48,-80,130560,65535
2022-10-07 18:49:59.237989,-48,-72,130560,65535
2022-10-07 18:49:59.289357,-48,-64,140800,65535
2022-10-07 18:49:59.340675,-48,-56,217600,65535
2022-10-07 18:49:59.892678,-48,-48,261120,65535
2022-10-07 18:49:59.944026,-48,-40,322560,65535
2022-10-07 18:49:59.995482,-48,-32,1052160,65535
2022-10-07 18:50:00.046858,-48,-24,10414080,65535
2022-10-07 18:50:00.198539,-48,-16,72632320,65535
2022-10-07 18:50:00.350188,-48,-8,167769600,16335
2022-10-07 18:50:00.902247,-48,127,130560,65535
2022-10-07 18:50:00.953602,-48,120,133120,65535
2022-10-07 18:50:01.005011,-48,112,133120,65535
2022-10-07 18:50:01.056426,-48,104,133120,65535
2022-10-07 18:50:01.107692,-48,96,133120,65535
2022-10-07 18:50:01.158965,-48,88,133120,65535
2022-10-07 18:50:01.211094,-48,80,133120,65535
2022-10-07 18:50:01.262413,-48,72,133120,65535
2022-10-07 18:50:01.313687,-48,64,153600,65535
2022-10-07 18:50:01.365029,-48,56,220160,65535
2022-10-07 18:50:01.917010,-48,48,266240,65535
2022-10-07 18:50:01.968363,-48,40,350720,65535
2022-10-07 18:50:02.019726,-48,32,954880,65535
2022-10-07 18:50:02.071041,-48,24,15383040,65535
2022-10-07 18:50:02.222658,-48,16,111001600,65535
2022-10-07 18:50:02.374303,-48,8,167769600,10938
2022-10-07 18:50:03.026673,-48,0,167769600,1957
2022-10-07 18:50:03.077974,-40,-127,128000,65535
2022-10-07 18:50:03.129393,-40,-120,130560,65535
2022-10-07 18:50:03.180658,-40,-112,130560,65535
2022-10-07 18:50:03.231945,-40,-104,130560,65535
2022-10-07 18:50:03.283279,-40,-96,130560,65535
2022-10-07 18:50:03.334582,-40,-88,130560,65535
2022-10-07 18:50:03.385930,-40,-80,130560,65535
2022-10-07 18:50:03.937875,-40,-72,130560,65535
2022-10-07 18:50:03.989215,-40,-64,143360,65535
2022-10-07 18:50:04.040539,-40,-56,220160,65535
2022-10-07 18:50:04.091836,-40,-48,266240,65535
2022-10-07 18:50:04.143225,-40,-40,381440,65535
2022-10-07 18:50:04.194526,-40,-32,1927680,65535
2022-10-07 18:50:04.245801,-40,-24,24734720,65535
2022-10-07 18:50:04.397540,-40,-16,158922240,65535
2022-10-07 18:50:05.049761,-40,-8,167769600,4951
2022-10-07 18:50:05.101213,-40,127,130560,65535
2022-10-07 18:50:05.152583,-40,120,133120,65535
2022-10-07 18:50:05.203868,-40,112,133120,65535
2022-10-07 18:50:05.255188,-40,104,133120,65535
2022-10-07 18:50:05.306494,-40,96,133120,65535
2022-10-07 18:50:05.357883,-40,88,133120,65535
2022-10-07 18:50:05.409207,-40,80,133120,65535
2022-10-07 18:50:05.961192,-40,72,133120,65535
2022-10-07 18:50:06.012497,-40,64,156160,65535
2022-10-07 18:50:06.063772,-40,56,217600,65535
2022-10-07 18:50:06.115132,-40,48,279040,65535
2022-10-07 18:50:06.166431,-40,40,435200,65535
2022-10-07 18:50:06.217754,-40,32,1853440,65535
2022-10-07 18:50:06.269334,-40,24,34792960,65535
2022-10-07 18:50:06.420957,-40,16,167769600,39128
2022-10-07 18:50:07.073256,-40,8,167769600,2453
2022-10-07 18:50:07.224959,-40,0,167769600,425
2022-10-07 18:50:07.276364,-32,-127,128000,65535
2022-10-07 18:50:07.327652,-32,-120,130560,65535
2022-10-07 18:50:07.378935,-32,-112,130560,65535
2022-10-07 18:50:07.430295,-32,-104,130560,65535
2022-10-07 18:50:07.983218,-32,-96,130560,65535
2022-10-07 18:50:08.034522,-32,-88,130560,65535
2022-10-07 18:50:08.085868,-32,-80,130560,65535
2022-10-07 18:50:08.137356,-32,-72,130560,65535
2022-10-07 18:50:08.188663,-32,-64,140800,65535
2022-10-07 18:50:08.239979,-32,-56,222720,65535
2022-10-07 18:50:08.291318,-32,-48,273920,65535
2022-10-07 18:50:08.342573,-32,-40,517120,65535
2022-10-07 18:50:08.393874,-32,-32,5670400,65535
2022-10-07 18:50:08.445194,-32,-24,56448000,65535
2022-10-07 18:50:09.097566,-32,-16,167769600,23366
2022-10-07 18:50:09.249240,-32,-8,167769600,997
2022-10-07 18:50:09.300523,-32,127,130560,65535
2022-10-07 18:50:09.351859,-32,120,133120,65535
2022-10-07 18:50:09.403288,-32,112,133120,65535
2022-10-07 18:50:09.454582,-32,104,133120,65535
2022-10-07 18:50:10.006491,-32,96,133120,65535
2022-10-07 18:50:10.057799,-32,88,133120,65535
2022-10-07 18:50:10.109147,-32,80,133120,65535
2022-10-07 18:50:10.160421,-32,72,133120,65535
2022-10-07 18:50:10.211693,-32,64,151040,65535
2022-10-07 18:50:10.262982,-32,56,220160,65535
2022-10-07 18:50:10.314329,-32,48,299520,65535
2022-10-07 18:50:10.365588,-32,40,573440,65535
2022-10-07 18:50:10.416890,-32,32,4825600,65535
2022-10-07 18:50:11.069354,-32,24,70302720,65535
2022-10-07 18:50:11.220930,-32,16,167769600,14246
2022-10-07 18:50:11.372545,-32,8,167769600,571
2022-10-07 18:50:11.524195,-32,0,167769600,86
2022-10-07 18:50:12.076147,-24,-127,128000,65535
2022-10-07 18:50:12.127429,-24,-120,130560,65535
2022-10-07 18:50:12.178714,-24,-112,130560,65535
2022-10-07 18:50:12.230212,-24,-104,130560,65535
2022-10-07 18:50:12.281483,-24,-96,130560,65535
2022-10-07 18:50:12.332786,-24,-88,130560,65535
2022-10-07 18:50:12.384103,-24,-80,130560,65535
2022-10-07 18:50:12.435424,-24,-72,130560,65535
2022-10-07 18:50:12.486689,-24,-64,143360,65535
2022-10-07 18:50:12.537981,-24,-56,222720,65535
2022-10-07 18:50:13.089916,-24,-48,291840,65535
2022-10-07 18:50:13.141300,-24,-40,785920,65535
2022-10-07 18:50:13.192573,-24,-32,16409600,65535
2022-10-07 18:50:13.344252,-24,-24,113249280,65535
2022-10-07 18:50:13.495851,-24,-16,167769600,7289
2022-10-07 18:50:14.148238,-24,-8,167769600,139
2022-10-07 18:50:14.199543,-24,127,130560,65535
2022-10-07 18:50:14.250937,-24,120,133120,65535
2022-10-07 18:50:14.302285,-24,112,133120,65535
2022-10-07 18:50:14.353638,-24,104,133120,65535
2022-10-07 18:50:14.404921,-24,96,133120,65535
2022-10-07 18:50:14.456247,-24,88,133120,65535
2022-10-07 18:50:14.507508,-24,80,133120,65535
2022-10-07 18:50:14.558776,-24,72,133120,65535
2022-10-07 18:50:14.610086,-24,64,153600,65535
2022-10-07 18:50:15.162027,-24,56,230400,65535
2022-10-07 18:50:15.213360,-24,48,322560,65535
2022-10-07 18:50:15.264610,-24,40,893440,65535
2022-10-07 18:50:15.315880,-24,32,16238080,65535
2022-10-07 18:50:15.467571,-24,24,161105920,65535
2022-10-07 18:50:15.619380,-24,16,167769600,3261
2022-10-07 18:50:16.271626,-24,8,167769600,74
2022-10-07 18:50:16.423413,-24,0,167769600,1
2022-10-07 18:50:16.474679,-16,-127,128000,65535
2022-10-07 18:50:16.525960,-16,-120,130560,65535
2022-10-07 18:50:16.577448,-16,-112,130560,65535
2022-10-07 18:50:16.628975,-16,-104,130560,65535
2022-10-07 18:50:17.181050,-16,-96,130560,65535
2022-10-07 18:50:17.232375,-16,-88,130560,65535
2022-10-07 18:50:17.283691,-16,-80,130560,65535
2022-10-07 18:50:17.335166,-16,-72,130560,65535
2022-10-07 18:50:17.386445,-16,-64,143360,65535
2022-10-07 18:50:17.437881,-16,-56,222720,65535
2022-10-07 18:50:17.489228,-16,-48,322560,65535
2022-10-07 18:50:17.540506,-16,-40,1256960,65535
2022-10-07 18:50:17.591885,-16,-32,37875200,65535
2022-10-07 18:50:18.244358,-16,-24,167769600,41940
2022-10-07 18:50:18.395939,-16,-16,167769600,1854
2022-10-07 18:50:18.547654,-16,-8,167769600,28
2022-10-07 18:50:18.599013,-16,127,130560,65535
2022-10-07 18:50:18.650417,-16,120,133120,65535
2022-10-07 18:50:18.701743,-16,112,133120,65535
2022-10-07 18:50:19.253921,-16,104,133120,65535
2022-10-07 18:50:19.305250,-16,96,133120,65535
2022-10-07 18:50:19.356547,-16,88,133120,65535
2022-10-07 18:50:19.407837,-16,80,133120,65535
2022-10-07 18:50:19.459173,-16,72,133120,65535
2022-10-07 18:50:19.510447,-16,64,153600,65535
2022-10-07 18:50:19.561725,-16,56,230400,65535
2022-10-07 18:50:19.613026,-16,48,373760,65535
2022-10-07 18:50:19.664331,-16,40,1364480,65535
2022-10-07 18:50:19.715585,-16,32,36902400,65535
2022-10-07 18:50:20.367836,-16,24,167769600,26287
2022-10-07 18:50:20.519552,-16,16,167769600,962
2022-10-07 18:50:20.671338,-16,8,167769600,1
2022-10-07 18:50:21.323630,-16,0,167769600,0
2022-10-07 18:50:21.374952,-8,-127,128000,65535
2022-10-07 18:50:21.426276,-8,-120,130560,65535
2022-10-07 18:50:21.477626,-8,-112,130560,65535
2022-10-07 18:50:21.528944,-8,-104,130560,65535
2022-10-07 18:50:21.580414,-8,-96,130560,65535
2022-10-07 18:50:21.632589,-8,-88,130560,65535
2022-10-07 18:50:21.683885,-8,-80,130560,65535
2022-10-07 18:50:21.735373,-8,-72,130560,65535
2022-10-07 18:50:21.786655,-8,-64,143360,65535
2022-10-07 18:50:22.338662,-8,-56,222720,65535
2022-10-07 18:50:22.389951,-8,-48,384000,65535
2022-10-07 18:50:22.441312,-8,-40,2926080,65535
2022-10-07 18:50:22.593092,-8,-32,83696640,65535
2022-10-07 18:50:22.744813,-8,-24,167769600,11305
2022-10-07 18:50:23.397391,-8,-16,167769600,257
2022-10-07 18:50:23.548987,-8,-8,167769600,6
2022-10-07 18:50:23.600311,-8,127,130560,65535
2022-10-07 18:50:23.651672,-8,120,133120,65535
2022-10-07 18:50:23.702949,-8,112,133120,65535
2022-10-07 18:50:23.754443,-8,104,133120,65535
2022-10-07 18:50:23.805700,-8,96,133120,65535
2022-10-07 18:50:23.856976,-8,88,133120,65535
2022-10-07 18:50:24.409121,-8,80,133120,65535
2022-10-07 18:50:24.460584,-8,72,133120,65535
2022-10-07 18:50:24.511932,-8,64,153600,65535
2022-10-07 18:50:24.563334,-8,56,230400,65535
2022-10-07 18:50:24.614583,-8,48,401920,65535
2022-10-07 18:50:24.665933,-8,40,2129920,65535
2022-10-07 18:50:24.817742,-8,32,67921920,65535
2022-10-07 18:50:25.470183,-8,24,167769600,9587
2022-10-07 18:50:25.621900,-8,16,167769600,187
2022-10-07 18:50:25.773798,-8,8,167769600,0
2022-10-07 18:50:25.925561,-8,0,167769600,0
2022-10-07 18:50:26.477684,0,-127,128000,65535
2022-10-07 18:50:26.529108,0,-120,130560,65535
2022-10-07 18:50:26.580537,0,-112,130560,65535
2022-10-07 18:50:26.631872,0,-104,130560,65535
2022-10-07 18:50:26.683356,0,-96,130560,65535
2022-10-07 18:50:26.734857,0,-88,130560,65535
2022-10-07 18:50:26.786359,0,-80,130560,65535
2022-10-07 18:50:26.837602,0,-72,130560,65535
2022-10-07 18:50:26.888974,0,-64,140800,65535
2022-10-07 18:50:26.940292,0,-56,230400,65535
2022-10-07 18:50:27.492243,0,-48,448000,65535
2022-10-07 18:50:27.543696,0,-40,6095360,65535
2022-10-07 18:50:27.695385,0,-32,167769600,60909
2022-10-07 18:50:27.846977,0,-24,167769600,3622
2022-10-07 18:50:28.499600,0,-16,167769600,29
2022-10-07 18:50:28.651278,0,-8,167769600,0
2022-10-07 18:50:28.702538,0,127,130560,65535
2022-10-07 18:50:28.753814,0,120,133120,65535
2022-10-07 18:50:28.805247,0,112,133120,65535
2022-10-07 18:50:28.856512,0,104,133120,65535
2022-10-07 18:50:28.907809,0,96,133120,65535
2022-10-07 18:50:28.959126,0,88,133120,65535
2022-10-07 18:50:29.511225,0,80,133120,65535
2022-10-07 18:50:29.562704,0,72,133120,65535
2022-10-07 18:50:29.614145,0,64,151040,65535
2022-10-07 18:50:29.665422,0,56,230400,65535
2022-10-07 18:50:29.716680,0,48,478720,65535
2022-10-07 18:50:29.767976,0,40,4976640,65535
2022-10-07 18:50:29.919681,0,32,154378240,65535
2022-10-07 18:50:30.572032,0,24,167769600,2402
2022-10-07 18:50:30.723804,0,16,167769600,27
2022-10-07 18:50:30.875451,0,8,167769600,0
2022-10-07 18:50:31.027083,0,0,167769600,0
2022-10-07 18:50:31.579035,8,-127,128000,65535
2022-10-07 18:50:31.630440,8,-120,130560,65535
2022-10-07 18:50:31.681818,8,-112,130560,65535
2022-10-07 18:50:31.733248,8,-104,130560,65535
2022-10-07 18:50:31.784531,8,-96,130560,65535
2022-10-07 18:50:31.835923,8,-88,130560,65535
2022-10-07 18:50:31.887402,8,-80,130560,65535
2022-10-07 18:50:31.938816,8,-72,130560,65535
2022-10-07 18:50:31.990130,8,-64,138240,65535
2022-10-07 18:50:32.041425,8,-56,215040,65535
2022-10-07 18:50:32.593451,8,-48,481280,65535
2022-10-07 18:50:32.644884,8,-40,14277120,65535
2022-10-07 18:50:32.796645,8,-32,167769600,29319
2022-10-07 18:50:32.948395,8,-24,167769600,1100
2022-10-07 18:50:33.600687,8,-16,167769600,10
2022-10-07 18:50:33.752115,8,-8,167769600,0
2022-10-07 18:50:33.803217,8,127,130560,65535
2022-10-07 18:50:33.854403,8,120,133120,65535
2022-10-07 18:50:33.905660,8,112,133120,65535
2022-10-07 18:50:33.956981,8,104,133120,65535
2022-10-07 18:50:34.008358,8,96,133120,65535
2022-10-07 18:50:34.059650,8,88,133120,65535
2022-10-07 18:50:34.611627,8,80,133120,65535
2022-10-07 18:50:34.662971,8,72,133120,65535
2022-10-07 18:50:34.714297,8,64,148480,65535
2022-10-07 18:50:34.765546,8,56,238080,65535
2022-10-07 18:50:34.816918,8,48,593920,65535
2022-10-07 18:50:34.868254,8,40,13104640,65535
2022-10-07 18:50:35.019952,8,32,167769600,31872
2022-10-07 18:50:35.672358,8,24,167769600,687
2022-10-07 18:50:35.823970,8,16,167769600,3
2022-10-07 18:50:35.975604,8,8,167769600,0
2022-10-07 18:50:36.127266,8,0,167769600,0
2022-10-07 18:50:36.679199,16,-127,128000,65535
2022-10-07 18:50:36.730483,16,-120,130560,65535
2022-10-07 18:50:36.781768,16,-112,130560,65535
2022-10-07 18:50:36.833052,16,-104,130560,65535
2022-10-07 18:50:36.884400,16,-96,130560,65535
2022-10-07 18:50:36.935815,16,-88,130560,65535
2022-10-07 18:50:36.988085,16,-80,130560,65535
2022-10-07 18:50:37.039373,16,-72,130560,65535
2022-10-07 18:50:37.090664,16,-64,138240,65535
2022-10-07 18:50:37.142137,16,-56,220160,65535
2022-10-07 18:50:37.694040,16,-48,586240,65535
2022-10-07 18:50:37.745368,16,-40,34475520,65535
2022-10-07 18:50:37.897115,16,-32,167769600,8750
2022-10-07 18:50:38.048854,16,-24,167769600,189
2022-10-07 18:50:38.701369,16,-16,167769600,0
2022-10-07 18:50:38.701406,16,-8,167769600,0
2022-10-07 18:50:38.752682,16,127,130560,65535
2022-10-07 18:50:38.803998,16,120,133120,65535
2022-10-07 18:50:38.855404,16,112,133120,65535
2022-10-07 18:50:38.906678,16,104,133120,65535
2022-10-07 18:50:38.957953,16,96,133120,65535
2022-10-07 18:50:39.009375,16,88,133120,65535
2022-10-07 18:50:39.060633,16,80,133120,65535
2022-10-07 18:50:39.111919,16,72,133120,65535
2022-10-07 18:50:39.163232,16,64,151040,65535
2022-10-07 18:50:39.715305,16,56,248320,65535
2022-10-07 18:50:39.766567,16,48,670720,65535
2022-10-07 18:50:39.817872,16,40,29370880,65535
2022-10-07 18:50:39.969518,16,32,167769600,11848
2022-10-07 18:50:40.121364,16,24,167769600,101
2022-10-07 18:50:40.773612,16,16,167769600,0
2022-10-07 18:50:40.773648,16,8,167769600,0
2022-10-07 18:50:40.925330,16,0,167769600,0
2022-10-07 18:50:40.976913,24,-127,128000,65535
2022-10-07 18:50:41.028390,24,-120,130560,65535
2022-10-07 18:50:41.079652,24,-112,130560,65535
2022-10-07 18:50:41.130941,24,-104,130560,65535
2022-10-07 18:50:41.182302,24,-96,130560,65535
2022-10-07 18:50:41.233717,24,-88,130560,65535
2022-10-07 18:50:41.785697,24,-80,130560,65535
2022-10-07 18:50:41.837113,24,-72,130560,65535
2022-10-07 18:50:41.888408,24,-64,138240,65535
2022-10-07 18:50:41.939694,24,-56,217600,65535
2022-10-07 18:50:41.990912,24,-48,627200,65535
2022-10-07 18:50:42.042023,24,-40,42219520,65535
2022-10-07 18:50:42.193501,24,-32,167769600,2949
2022-10-07 18:50:42.845805,24,-24,167769600,15
2022-10-07 18:50:42.997465,24,-16,167769600,0
2022-10-07 18:50:42.997501,24,-8,167769600,0
2022-10-07 18:50:43.048744,24,127,130560,65535
2022-10-07 18:50:43.100026,24,120,133120,65535
2022-10-07 18:50:43.151335,24,112,133120,65535
2022-10-07 18:50:43.202571,24,104,133120,65535
2022-10-07 18:50:43.253843,24,96,133120,65535
2022-10-07 18:50:43.305149,24,88,133120,65535
2022-10-07 18:50:43.857345,24,80,133120,65535
2022-10-07 18:50:43.908687,24,72,133120,65535
2022-10-07 18:50:43.960120,24,64,151040,65535
2022-10-07 18:50:44.011393,24,56,258560,65535
2022-10-07 18:50:44.062660,24,48,814080,65535
2022-10-07 18:50:44.114137,24,40,57413120,65535
2022-10-07 18:50:44.265731,24,32,167769600,2842
2022-10-07 18:50:44.917967,24,24,167769600,26
2022-10-07 18:50:45.069860,24,16,167769600,0
2022-10-07 18:50:45.069897,24,8,167769600,0
2022-10-07 18:50:45.221515,24,0,167769600,0
2022-10-07 18:50:45.272780,32,-127,128000,65535
2022-10-07 18:50:45.324111,32,-120,130560,65535
2022-10-07 18:50:45.375399,32,-112,130560,65535
2022-10-07 18:50:45.927394,32,-104,130560,65535
2022-10-07 18:50:45.978669,32,-96,130560,65535
2022-10-07 18:50:46.029968,32,-88,130560,65535
2022-10-07 18:50:46.081332,32,-80,130560,65535
2022-10-07 18:50:46.132591,32,-72,130560,65535
2022-10-07 18:50:46.183877,32,-64,138240,65535
2022-10-07 18:50:46.235223,32,-56,207360,65535
2022-10-07 18:50:46.286569,32,-48,614400,65535
2022-10-07 18:50:46.337922,32,-40,14794240,65535
2022-10-07 18:50:46.990270,32,-32,167769600,12754
2022-10-07 18:50:47.141880,32,-24,167769600,148
2022-10-07 18:50:47.293655,32,-16,167769600,1
2022-10-07 18:50:47.445316,32,-8,167769600,0
2022-10-07 18:50:47.997262,32,127,130560,65535
2022-10-07 18:50:48.048534,32,120,133120,65535
2022-10-07 18:50:48.099877,32,112,133120,65535
2022-10-07 18:50:48.151187,32,104,133120,65535
2022-10-07 18:50:48.202485,32,96,133120,65535
2022-10-07 18:50:48.253760,32,88,133120,65535
2022-10-07 18:50:48.305092,32,80,133120,65535
2022-10-07 18:50:48.356403,32,72,133120,65535
2022-10-07 18:50:48.407673,32,64,151040,65535
2022-10-07 18:50:48.459012,32,56,253440,65535
2022-10-07 18:50:49.010976,32,48,757760,65535
2022-10-07 18:50:49.062316,32,40,23045120,65535
2022-10-07 18:50:49.213909,32,32,167769600,4563
2022-10-07 18:50:49.365566,32,24,167769600,10
2022-10-07 18:50:50.017845,32,16,167769600,0
2022-10-07 18:50:50.017888,32,8,167769600,0
2022-10-07 18:50:50.169513,32,0,167769600,0
2022-10-07 18:50:50.220802,40,-127,128000,65535
2022-10-07 18:50:50.272114,40,-120,130560,65535
2022-10-07 18:50:50.323422,40,-112,130560,65535
2022-10-07 18:50:50.374705,40,-104,130560,65535
2022-10-07 18:50:50.426040,40,-96,130560,65535
2022-10-07 18:50:50.477372,40,-88,130560,65535
2022-10-07 18:50:51.029337,40,-80,130560,65535
2022-10-07 18:50:51.081503,40,-72,130560,65535
2022-10-07 18:50:51.132805,40,-64,135680,65535
2022-10-07 18:50:51.184136,40,-56,199680,65535
2022-10-07 18:50:51.235395,40,-48,496640,65535
2022-10-07 18:50:51.286710,40,-40,3985920,65535
2022-10-07 18:50:51.438500,40,-32,126648320,65535
2022-10-07 18:50:52.090937,40,-24,167769600,3801
2022-10-07 18:50:52.242775,40,-16,167769600,21
2022-10-07 18:50:52.394510,40,-8,167769600,0
2022-10-07 18:50:52.445790,40,127,130560,65535
2022-10-07 18:50:52.497157,40,120,133120,65535
2022-10-07 18:50:52.548450,40,112,133120,65535
2022-10-07 18:50:53.100386,40,104,133120,65535
2022-10-07 18:50:53.151659,40,96,133120,65535
2022-10-07 18:50:53.203020,40,88,133120,65535
2022-10-07 18:50:53.254336,40,80,133120,65535
2022-10-07 18:50:53.305587,40,72,133120,65535
2022-10-07 18:50:53.356872,40,64,148480,65535
2022-10-07 18:50:53.408273,40,56,240640,65535
2022-10-07 18:50:53.459552,40,48,624640,65535
2022-10-07 18:50:53.510772,40,40,8010240,65535
2022-10-07 18:50:54.163088,40,32,167769600,38620
2022-10-07 18:50:54.314744,40,24,167769600,401
2022-10-07 18:50:54.466429,40,16,167769600,0
2022-10-07 18:50:54.466465,40,8,167769600,0
2022-10-07 18:50:54.618088,40,0,167769600,0
2022-10-07 18:50:55.169974,48,-127,128000,65535
2022-10-07 18:50:55.221321,48,-120,130560,65535
2022-10-07 18:50:55.272629,48,-112,130560,65535
2022-10-07 18:50:55.323949,48,-104,130560,65535
2022-10-07 18:50:55.375311,48,-96,130560,65535
2022-10-07 18:50:55.426569,48,-88,130560,65535
2022-10-07 18:50:55.477898,48,-80,130560,65535
2022-10-07 18:50:55.529389,48,-72,130560,65535
2022-10-07 18:50:55.580640,48,-64,135680,65535
2022-10-07 18:50:55.631930,48,-56,192000,65535
2022-10-07 18:50:56.183852,48,-48,384000,65535
2022-10-07 18:50:56.235200,48,-40,1607680,65535
2022-10-07 18:50:56.286490,48,-32,25633280,65535
2022-10-07 18:50:56.438264,48,-24,167769600,41509
2022-10-07 18:50:56.589982,48,-16,167769600,880
2022-10-07 18:50:57.242282,48,-8,167769600,1
2022-10-07 18:50:57.293544,48,127,130560,65535
2022-10-07 18:50:57.344829,48,120,133120,65535
2022-10-07 18:50:57.396165,48,112,133120,65535
2022-10-07 18:50:57.447477,48,104,133120,65535
2022-10-07 18:50:57.498854,48,96,133120,65535
2022-10-07 18:50:57.550211,48,88,133120,65535
2022-10-07 18:50:57.601515,48,80,133120,65535
2022-10-07 18:50:57.652833,48,72,133120,65535
2022-10-07 18:50:57.704228,48,64,148480,65535
2022-10-07 18:50:58.256170,48,56,217600,65535
2022-10-07 18:50:58.307518,48,48,514560,65535
2022-10-07 18:50:58.358818,48,40,2493440,65535
2022-10-07 18:50:58.410165,48,32,44538880,65535
2022-10-07 18:50:58.561805,48,24,167769600,8725
2022-10-07 18:50:58.713450,48,16,167769600,39
2022-10-07 18:50:59.365688,48,8,167769600,0
2022-10-07 18:50:59.517414,48,0,167769600,0
2022-10-07 18:50:59.568708,56,-127,128000,65535
2022-10-07 18:50:59.619997,56,-120,130560,65535
2022-10-07 18:50:59.671359,56,-112,130560,65535
2022-10-07 18:50:59.722719,56,-104,130560,65535
2022-10-07 18:51:00.274669,56,-96,130560,65535
2022-10-07 18:51:00.325981,56,-88,130560,65535
2022-10-07 18:51:00.377295,56,-80,130560,65535
2022-10-07 18:51:00.428548,56,-72,130560,65535
2022-10-07 18:51:00.479830,56,-64,135680,65535
2022-10-07 18:51:00.531159,56,-56,186880,65535
2022-10-07 18:51:00.582434,56,-48,322560,65535
2022-10-07 18:51:00.633718,56,-40,768000,65535
2022-10-07 18:51:00.684996,56,-32,5076480,65535
2022-10-07 18:51:00.736338,56,-24,50711040,65535
2022-10-07 18:51:01.388526,56,-16,167769600,11481
2022-10-07 18:51:01.540200,56,-8,167769600,151
2022-10-07 18:51:01.591477,56,127,130560,65535
2022-10-07 18:51:01.642793,56,120,133120,65535
2022-10-07 18:51:01.694129,56,112,133120,65535
2022-10-07 18:51:01.745410,56,104,133120,65535
2022-10-07 18:51:02.297395,56,96,133120,65535
2022-10-07 18:51:02.348691,56,88,133120,65535
2022-10-07 18:51:02.399987,56,80,133120,65535
2022-10-07 18:51:02.451318,56,72,133120,65535
2022-10-07 18:51:02.502567,56,64,148480,65535
2022-10-07 18:51:02.553855,56,56,207360,65535
2022-10-07 18:51:02.605218,56,48,414720,65535
2022-10-07 18:51:02.656516,56,40,1052160,65535
2022-10-07 18:51:02.707797,56,32,10516480,65535
2022-10-07 18:51:03.360167,56,24,153425920,65535
2022-10-07 18:51:03.511791,56,16,167769600,1260
2022-10-07 18:51:03.663543,56,8,167769600,4
2022-10-07 18:51:03.815204,56,0,167769600,0
2022-10-07 18:51:04.367151,64,-127,128000,65535
2022-10-07 18:51:04.418472,64,-120,130560,65535
2022-10-07 18:51:04.469767,64,-112,130560,65535
2022-10-07 18:51:04.521096,64,-104,130560,65535
2022-10-07 18:51:04.572391,64,-96,130560,65535
2022-10-07 18:51:04.623640,64,-88,130560,65535
2022-10-07 18:51:04.674922,64,-80,130560,65535
2022-10-07 18:51:04.726253,64,-72,130560,65535
2022-10-07 18:51:04.778439,64,-64,138240,65535
2022-10-07 18:51:04.829720,64,-56,186880,65535
2022-10-07 18:51:05.381709,64,-48,279040,65535
2022-10-07 18:51:05.433133,64,-40,463360,65535
2022-10-07 18:51:05.484540,64,-32,1507840,65535
2022-10-07 18:51:05.535892,64,-24,9738240,65535
2022-10-07 18:51:05.687652,64,-16,121812480,65535
2022-10-07 18:51:05.839366,64,-8,167769600,2721
2022-10-07 18:51:06.391308,64,127,130560,65535
2022-10-07 18:51:06.442610,64,120,133120,65535
2022-10-07 18:51:06.493907,64,112,133120,65535
2022-10-07 18:51:06.545248,64,104,133120,65535
2022-10-07 18:51:06.596547,64,96,133120,65535
2022-10-07 18:51:06.647986,64,88,133120,65535
2022-10-07 18:51:06.699378,64,80,133120,65535
2022-10-07 18:51:06.750691,64,72,133120,65535
2022-10-07 18:51:06.802007,64,64,148480,65535
2022-10-07 18:51:06.853336,64,56,202240,65535
2022-10-07 18:51:07.405276,64,48,320000,65535
2022-10-07 18:51:07.456601,64,40,593920,65535
2022-10-07 18:51:07.507950,64,32,2693120,65535
2022-10-07 18:51:07.559265,64,24,28797440,65535
2022-10-07 18:51:07.710863,64,16,167769600,20091
2022-10-07 18:51:07.862541,64,8,167769600,149
2022-10-07 18:51:08.514884,64,0,167769600,34
2022-10-07 18:51:08.566425,72,-127,128000,65535
2022-10-07 18:51:08.617686,72,-120,130560,65535
2022-10-07 18:51:08.668963,72,-112,130560,65535
2022-10-07 18:51:08.720277,72,-104,130560,65535
2022-10-07 18:51:08.771540,72,-96,130560,65535
2022-10-07 18:51:08.822841,72,-88,130560,65535
2022-10-07 18:51:08.874228,72,-80,130560,65535
2022-10-07 18:51:09.426164,72,-72,130560,65535
2022-10-07 18:51:09.477523,72,-64,138240,65535
2022-10-07 18:51:09.528974,72,-56,194560,65535
2022-10-07 18:51:09.580336,72,-48,266240,65535
2022-10-07 18:51:09.631713,72,-40,340480,65535
2022-10-07 18:51:09.683022,72,-32,706560,65535
2022-10-07 18:51:09.734350,72,-24,2337280,65535
2022-10-07 18:51:09.785679,72,-16,23221760,65535
2022-10-07 18:51:10.437921,72,-8,167769600,29367
2022-10-07 18:51:10.489270,72,127,130560,65535
2022-10-07 18:51:10.540535,72,120,133120,65535
2022-10-07 18:51:10.591873,72,112,133120,65535
2022-10-07 18:51:10.643203,72,104,133120,65535
2022-10-07 18:51:10.694472,72,96,133120,65535
2022-10-07 18:51:10.745819,72,88,133120,65535
2022-10-07 18:51:10.797157,72,80,133120,65535
2022-10-07 18:51:10.848481,72,72,133120,65535
2022-10-07 18:51:10.899824,72,64,148480,65535
2022-10-07 18:51:11.451832,72,56,202240,65535
2022-10-07 18:51:11.503220,72,48,281600,65535
2022-10-07 18:51:11.554491,72,40,394240,65535
2022-10-07 18:51:11.605774,72,32,921600,65535
2022-10-07 18:51:11.657166,72,24,6008320,65535
2022-10-07 18:51:11.808797,72,16,74168320,65535
2022-10-07 18:51:12.461186,72,8,167769600,5254
2022-10-07 18:51:12.612854,72,0,167769600,738
2022-10-07 18:51:12.664179,80,-127,128000,65535
2022-10-07 18:51:12.715635,80,-120,130560,65535
2022-10-07 18:51:12.766938,80,-112,130560,65535
2022-10-07 18:51:12.818313,80,-104,130560,65535
2022-10-07 18:51:12.869613,80,-96,130560,65535
2022-10-07 18:51:12.920981,80,-88,130560,65535
2022-10-07 18:51:13.472910,80,-80,130560,65535
2022-10-07 18:51:13.524291,80,-72,130560,65535
2022-10-07 18:51:13.575699,80,-64,138240,65535
2022-10-07 18:51:13.627050,80,-56,197120,65535
2022-10-07 18:51:13.678408,80,-48,261120,65535
2022-10-07 18:51:13.729703,80,-40,281600,65535
2022-10-07 18:51:13.781008,80,-32,432640,65535
2022-10-07 18:51:13.832345,80,-24,924160,65535
2022-10-07 18:51:13.883659,80,-16,5524480,65535
2022-10-07 18:51:14.536014,80,-8,70520320,65535
2022-10-07 18:51:14.587356,80,127,133120,65535
2022-10-07 18:51:14.638605,80,120,133120,65535
2022-10-07 18:51:14.689986,80,112,133120,65535
2022-10-07 18:51:14.741326,80,104,133120,65535
2022-10-07 18:51:14.792731,80,96,133120,65535
2022-10-07 18:51:14.844014,80,88,133120,65535
2022-10-07 18:51:14.895364,80,80,133120,65535
2022-10-07 18:51:14.946681,80,72,133120,65535
2022-10-07 18:51:14.997965,80,64,151040,65535
2022-10-07 18:51:15.549908,80,56,202240,65535
2022-10-07 18:51:15.601241,80,48,268800,65535
2022-10-07 18:51:15.652518,80,40,314880,65535
2022-10-07 18:51:15.703803,80,32,504320,65535
2022-10-07 18:51:15.755139,80,24,1679360,65535
2022-10-07 18:51:15.806418,80,16,16522240,65535
2022-10-07 18:51:15.958085,80,8,167769600,47255
2022-10-07 18:51:16.610368,80,0,167769600,9291
2022-10-07 18:51:16.661643,88,-127,128000,65535
2022-10-07 18:51:16.712959,88,-120,130560,65535
2022-10-07 18:51:16.764280,88,-112,130560,65535
2022-10-07 18:51:16.815573,88,-104,130560,65535
2022-10-07 18:51:16.866867,88,-96,130560,65535
2022-10-07 18:51:16.918207,88,-88,130560,65535
2022-10-07 18:51:16.969495,88,-80,130560,65535
2022-10-07 18:51:17.020796,88,-72,130560,65535
2022-10-07 18:51:17.072160,88,-64,138240,65535
2022-10-07 18:51:17.625117,88,-56,194560,65535
2022-10-07 18:51:17.676462,88,-48,258560,65535
2022-10-07 18:51:17.727742,88,-40,268800,65535
2022-10-07 18:51:17.779249,88,-32,312320,65535
2022-10-07 18:51:17.830546,88,-24,494080,65535
2022-10-07 18:51:17.881818,88,-16,1413120,65535
2022-10-07 18:51:17.933145,88,-8,12695040,65535
2022-10-07 18:51:17.984474,88,127,130560,65535
2022-10-07 18:51:18.035758,88,120,133120,65535
2022-10-07 18:51:18.087045,88,112,133120,65535
2022-10-07 18:51:18.639027,88,104,133120,65535
2022-10-07 18:51:18.690449,88,96,133120,65535
2022-10-07 18:51:18.741874,88,88,133120,65535
2022-10-07 18:51:18.793223,88,80,133120,65535
2022-10-07 18:51:18.844545,88,72,133120,65535
2022-10-07 18:51:18.895850,88,64,148480,65535
2022-10-07 18:51:18.947243,88,56,207360,65535
2022-10-07 18:51:18.998581,88,48,263680,65535
2022-10-07 18:51:19.049880,88,40,276480,65535
2022-10-07 18:51:19.101257,88,32,353280,65535
2022-10-07 18:51:19.653209,88,24,693760,65535
2022-10-07 18:51:19.704544,88,16,3673600,65535
2022-10-07 18:51:19.755901,88,8,41848320,65535
2022-10-07 18:51:19.907589,88,0,130677760,65535
2022-10-07 18:51:19.958877,96,-127,130560,65535
2022-10-07 18:51:20.010341,96,-120,130560,65535
2022-10-07 18:51:20.061752,96,-112,130560,65535
2022-10-07 18:51:20.113158,96,-104,130560,65535
2022-10-07 18:51:20.665110,96,-96,130560,65535
2022-10-07 18:51:20.716428,96,-88,130560,65535
2022-10-07 18:51:20.767730,96,-80,130560,65535
2022-10-07 18:51:20.819019,96,-72,130560,65535
2022-10-07 18:51:20.870372,96,-64,140800,65535
2022-10-07 18:51:20.921662,96,-56,194560,65535
2022-10-07 18:51:20.972959,96,-48,258560,65535
2022-10-07 18:51:21.024354,96,-40,263680,65535
2022-10-07 18:51:21.075664,96,-32,279040,65535
2022-10-07 18:51:21.126955,96,-24,343040,65535
2022-10-07 18:51:21.678891,96,-16,665600,65535
2022-10-07 18:51:21.730261,96,-8,3246080,65535
2022-10-07 18:51:21.781528,96,127,130560,65535
2022-10-07 18:51:21.832843,96,120,133120,65535
2022-10-07 18:51:21.884198,96,112,133120,65535
2022-10-07 18:51:21.935589,96,104,133120,65535
2022-10-07 18:51:21.986876,96,96,133120,65535
2022-10-07 18:51:22.038221,96,88,133120,65535
2022-10-07 18:51:22.089486,96,80,133120,65535
2022-10-07 18:51:22.140755,96,72,133120,65535
2022-10-07 18:51:22.692679,96,64,151040,65535
2022-10-07 18:51:22.744017,96,56,202240,65535
2022-10-07 18:51:22.795348,96,48,261120,65535
2022-10-07 18:51:22.846596,96,40,263680,65535
2022-10-07 18:51:22.898014,96,32,289280,65535
2022-10-07 18:51:22.949330,96,24,404480,65535
2022-10-07 18:51:23.000574,96,16,1177600,65535
2022-10-07 18:51:23.051921,96,8,8025600,65535
2022-10-07 18:51:23.103257,96,0,22039040,65535
2022-10-07 18:51:23.154661,104,-127,130560,65535
2022-10-07 18:51:23.706791,104,-120,130560,65535
2022-10-07 18:51:23.758194,104,-112,130560,65535
2022-10-07 18:51:23.809549,104,-104,130560,65535
2022-10-07 18:51:23.860885,104,-96,130560,65535
2022-10-07 18:51:23.912335,104,-88,130560,65535
2022-10-07 18:51:23.963684,104,-80,130560,65535
2022-10-07 18:51:24.014985,104,-72,130560,65535
2022-10-07 18:51:24.066306,104,-64,138240,65535
2022-10-07 18:51:24.117594,104,-56,197120,65535
2022-10-07 18:51:24.168923,104,-48,258560,65535
2022-10-07 18:51:24.720871,104,-40,263680,65535
2022-10-07 18:51:24.772226,104,-32,263680,65535
2022-10-07 18:51:24.823503,104,-24,286720,65535
2022-10-07 18:51:24.874777,104,-16,401920,65535
2022-10-07 18:51:24.926115,104,-8,1103360,65535
2022-10-07 18:51:24.977495,104,127,130560,65535
2022-10-07 18:51:25.028771,104,120,133120,65535
2022-10-07 18:51:25.080084,104,112,133120,65535
2022-10-07 18:51:25.131428,104,104,133120,65535
2022-10-07 18:51:25.182808,104,96,133120,65535
2022-10-07 18:51:25.734839,104,88,133120,65535
2022-10-07 18:51:25.786194,104,80,133120,65535
2022-10-07 18:51:25.837586,104,72,133120,65535
2022-10-07 18:51:25.888892,104,64,151040,65535
2022-10-07 18:51:25.940242,104,56,209920,65535
2022-10-07 18:51:25.991545,104,48,258560,65535
2022-10-07 18:51:26.042814,104,40,263680,65535
2022-10-07 18:51:26.094138,104,32,268800,65535
2022-10-07 18:51:26.145434,104,24,309760,65535
2022-10-07 18:51:26.196722,104,16,529920,65535
2022-10-07 18:51:26.748673,104,8,2037760,65535
2022-10-07 18:51:26.800000,104,0,4643840,65535
2022-10-07 18:51:26.851372,112,-127,128000,65535
2022-10-07 18:51:26.902640,112,-120,130560,65535
2022-10-07 18:51:26.953990,112,-112,130560,65535
2022-10-07 18:51:27.005349,112,-104,130560,65535
2022-10-07 18:51:27.056655,112,-96,130560,65535
2022-10-07 18:51:27.107989,112,-88,130560,65535
2022-10-07 18:51:27.159375,112,-80,130560,65535
2022-10-07 18:51:27.210656,112,-72,130560,65535
2022-10-07 18:51:27.762785,112,-64,140800,65535
2022-10-07 18:51:27.814135,112,-56,202240,65535
2022-10-07 18:51:27.866333,112,-48,258560,65535
2022-10-07 18:51:27.917625,112,-40,258560,65535
2022-10-07 18:51:27.968943,112,-32,263680,65535
2022-10-07 18:51:28.020331,112,-24,268800,65535
2022-10-07 18:51:28.071643,112,-16,302080,65535
2022-10-07 18:51:28.122949,112,-8,532480,65535
2022-10-07 18:51:28.174349,112,127,130560,65535
2022-10-07 18:51:28.225599,112,120,133120,65535
2022-10-07 18:51:28.777561,112,112,133120,65535
2022-10-07 18:51:28.828926,112,104,133120,65535
2022-10-07 18:51:28.880271,112,96,133120,65535
2022-10-07 18:51:28.931575,112,88,133120,65535
2022-10-07 18:51:28.982927,112,80,133120,65535
2022-10-07 18:51:29.034320,112,72,133120,65535
2022-10-07 18:51:29.085730,112,64,151040,65535
2022-10-07 18:51:29.137027,112,56,212480,65535
2022-10-07 18:51:29.188368,112,48,258560,65535
2022-10-07 18:51:29.239678,112,40,263680,65535
2022-10-07 18:51:29.791590,112,32,261120,65535
2022-10-07 18:51:29.842696,112,24,273920,65535
2022-10-07 18:51:29.893817,112,16,350720,65535
2022-10-07 18:51:29.945080,112,8,739840,65535
2022-10-07 18:51:29.996423,112,0,1259520,65535
2022-10-07 18:51:30.047712,120,-127,130560,65535
2022-10-07 18:51:30.099017,120,-120,130560,65535
2022-10-07 18:51:30.150362,120,-112,130560,65535
2022-10-07 18:51:30.201655,120,-104,130560,65535
2022-10-07 18:51:30.252974,120,-96,130560,65535
2022-10-07 18:51:30.804966,120,-88,130560,65535
2022-10-07 18:51:30.856310,120,-80,130560,65535
2022-10-07 18:51:30.907606,120,-72,130560,65535
2022-10-07 18:51:30.958955,120,-64,140800,65535
2022-10-07 18:51:31.010336,120,-56,204800,65535
2022-10-07 18:51:31.061703,120,-48,261120,65535
2022-10-07 18:51:31.113042,120,-40,261120,65535
2022-10-07 18:51:31.164426,120,-32,263680,65535
2022-10-07 18:51:31.215766,120,-24,261120,65535
2022-10-07 18:51:31.267151,120,-16,273920,65535
2022-10-07 18:51:31.819202,120,-8,353280,65535
2022-10-07 18:51:31.870503,120,127,130560,65535
2022-10-07 18:51:31.921761,120,120,133120,65535
2022-10-07 18:51:31.973235,120,112,133120,65535
2022-10-07 18:51:32.024497,120,104,133120,65535
2022-10-07 18:51:32.075781,120,96,133120,65535
2022-10-07 18:51:32.127096,120,88,133120,65535
2022-10-07 18:51:32.178412,120,80,133120,65535
2022-10-07 18:51:32.229782,120,72,133120,65535
2022-10-07 18:51:32.281124,120,64,153600,65535
2022-10-07 18:51:32.833258,120,56,212480,65535
2022-10-07 18:51:32.884660,120,48,261120,65535
2022-10-07 18:51:32.935959,120,40,261120,65535
2022-10-07 18:51:32.987313,120,32,263680,65535
2022-10-07 18:51:33.038704,120,24,263680,65535
2022-10-07 18:51:33.090080,120,16,286720,65535
2022-10-07 18:51:33.141520,120,8,386560,65535
2022-10-07 18:51:33.192793,120,0,481280,65535
2022-10-07 18:51:33.244119,128,-127,128000,65535
2022-10-07 18:51:33.295433,128,-120,130560,65535
2022-10-07 18:51:33.847359,128,-112,130560,65535
2022-10-07 18:51:33.898702,128,-104,130560,65535
2022-10-07 18:51:33.949988,128,-96,130560,65535
2022-10-07 18:51:34.001317,128,-88,130560,65535
2022-10-07 18:51:34.052595,128,-80,130560,65535
2022-10-07 18:51:34.103880,128,-72,130560,65535
2022-10-07 18:51:34.155252,128,-64,138240,65535
2022-10-07 18:51:34.206523,128,-56,197120,65535
2022-10-07 18:51:34.257795,128,-48,258560,65535
2022-10-07 18:51:34.309180,128,-40,258560,65535
2022-10-07 18:51:34.861161,128,-32,261120,65535
2022-10-07 18:51:34.912593,128,-24,263680,65535
2022-10-07 18:51:34.964034,128,-16,261120,65535
2022-10-07 18:51:35.015416,128,-8,263680,65535
2022-10-07 18:51:35.066840,128,127,133120,65535
2022-10-07 18:51:35.118241,128,120,133120,65535
2022-10-07 18:51:35.169512,128,112,133120,65535
2022-10-07 18:51:35.220940,128,104,133120,65535
2022-10-07 18:51:35.272275,128,96,133120,65535
2022-10-07 18:51:35.323544,128,88,133120,65535
2022-10-07 18:51:35.875472,128,80,133120,65535
2022-10-07 18:51:35.926756,128,72,133120,65535
2022-10-07 18:51:35.978122,128,64,148480,65535
2022-10-07 18:51:36.029403,128,56,207360,65535
2022-10-07 18:51:36.080809,128,48,258560,65535
2022-10-07 18:51:36.132247,128,40,261120,65535
2022-10-07 18:51:36.183659,128,32,261120,65535
2022-10-07 18:51:36.234947,128,24,263680,65535
2022-10-07 18:51:36.286313,128,16,258560,65535
2022-10-07 18:51:36.337586,128,8,256000,65535
2022-10-07 18:51:36.889497,128,0,253440,65535
2022-10-07 18:51:37.242913,-24,0,335539200,3
2022-10-07 18:51:37.995524,-16,-8,335539200,69
2022-10-07 18:51:38.348169,-16,8,335539200,21
2022-10-07 18:51:39.000411,-16,0,335539200,0
2022-10-07 18:51:39.352733,-8,-8,335539200,7
2022-10-07 18:51:40.005190,-8,8,335539200,12
2022-10-07 18:51:40.357512,-8,0,335539200,0
2022-10-07 18:51:41.009746,0,-16,335539200,94
2022-10-07 18:51:41.362127,0,-8,335539200,0
2022-10-07 18:51:42.014502,0,16,335539200,39
2022-10-07 18:51:42.366997,0,8,335539200,0
2022-10-07 18:51:43.019414,0,0,335539200,0
2022-10-07 18:51:43.371757,8,-16,335539200,31
2022-10-07 18:51:44.024166,8,-8,335539200,0
2022-10-07 18:51:44.376490,8,16,335539200,3
2022-10-07 18:51:45.028854,8,8,335539200,0
2022-10-07 18:51:45.381236,8,0,335539200,0
2022-10-07 18:51:46.033453,16,-16,335539200,0
2022-10-07 18:51:46.033490,16,-8,335539200,0
2022-10-07 18:51:46.385753,16,16,335539200,0
2022-10-07 18:51:46.385790,16,8,335539200,0
2022-10-07 18:51:47.037971,16,0,335539200,0
2022-10-07 18:51:47.390308,24,-24,335539200,74
2022-10-07 18:51:48.042503,24,-16,335539200,0
2022-10-07 18:51:48.042541,24,-8,335539200,0
2022-10-07 18:51:48.395047,24,24,335539200,20
2022-10-07 18:51:49.047304,24,16,335539200,0
2022-10-07 18:51:49.047348,24,8,335539200,0
2022-10-07 18:51:49.399624,24,0,335539200,0
2022-10-07 18:51:50.052018,32,-16,335539200,1
2022-10-07 18:51:50.404488,32,-8,335539200,0
2022-10-07 18:51:51.056780,32,24,335539200,11
2022-10-07 18:51:51.409267,32,16,335539200,0
2022-10-07 18:51:51.409305,32,8,335539200,0
2022-10-07 18:51:52.061826,32,0,335539200,0
2022-10-07 18:51:52.414192,40,-16,335539200,39
2022-10-07 18:51:53.066569,40,-8,335539200,0
2022-10-07 18:51:53.419009,40,16,335539200,0
2022-10-07 18:51:53.419045,40,8,335539200,0
2022-10-07 18:51:54.071283,40,0,335539200,0
2022-10-07 18:51:54.423596,48,-8,335539200,11
2022-10-07 18:51:55.075829,48,16,335539200,53
2022-10-07 18:51:55.428201,48,8,335539200,0
2022-10-07 18:51:56.080485,48,0,335539200,0
2022-10-07 18:51:56.432898,56,8,335539200,1
2022-10-07 18:51:57.085359,56,0,335539200,0
2022-10-07 18:51:57.438006,64,0,335539200,56
2022-10-07 18:51:58.091441,-24,0,671078400,24
2022-10-07 18:51:59.145349,-16,8,671078400,49
2022-10-07 18:52:00.199186,-16,0,671078400,2
2022-10-07 18:52:01.252825,-8,-8,671078400,21
2022-10-07 18:52:02.306668,-8,8,671078400,0
2022-10-07 18:52:03.360312,-8,0,671078400,0
2022-10-07 18:52:04.413985,0,-8,671078400,0
2022-10-07 18:52:05.468019,0,16,671078400,89
2022-10-07 18:52:06.521909,0,8,671078400,0
2022-10-07 18:52:07.575485,0,0,671078400,0
2022-10-07 18:52:08.629498,8,-16,671078400,15
2022-10-07 18:52:09.683235,8,-8,671078400,0
2022-10-07 18:52:10.737378,8,16,671078400,5
2022-10-07 18:52:11.791123,8,8,671078400,0
2022-10-07 18:52:12.844635,8,0,671078400,0
2022-10-07 18:52:13.898445,16,-16,671078400,0
2022-10-07 18:52:13.898495,16,-8,671078400,0
2022-10-07 18:52:14.952204,16,16,671078400,0
2022-10-07 18:52:14.952241,16,8,671078400,0
2022-10-07 18:52:16.005837,16,0,671078400,0
2022-10-07 18:52:17.059834,24,-16,671078400,0
2022-10-07 18:52:17.059871,24,-8,671078400,0
2022-10-07 18:52:18.113737,24,24,671078400,44
2022-10-07 18:52:19.167416,24,16,671078400,0
2022-10-07 18:52:19.167458,24,8,671078400,0
2022-10-07 18:52:20.221301,24,0,671078400,0
2022-10-07 18:52:21.274863,32,-16,671078400,0
2022-10-07 18:52:21.274903,32,-8,671078400,0
2022-10-07 18:52:22.328666,32,24,671078400,40
2022-10-07 18:52:23.382686,32,16,671078400,0
2022-10-07 18:52:23.382726,32,8,671078400,0
2022-10-07 18:52:24.436789,32,0,671078400,0
2022-10-07 18:52:25.490499,40,-16,671078400,95
2022-10-07 18:52:26.544326,40,-8,671078400,0
2022-10-07 18:52:27.598030,40,16,671078400,2
2022-10-07 18:52:28.651736,40,8,671078400,0
2022-10-07 18:52:29.705568,40,0,671078400,0
2022-10-07 18:52:30.759292,48,-8,671078400,11
2022-10-07 18:52:31.812978,48,8,671078400,0
2022-10-07 18:52:32.866633,48,0,671078400,0
2022-10-07 18:52:33.920662,56,8,671078400,11
2022-10-07 18:52:34.974352,56,0,671078400,1
