2022-10-07 18:45:10.525952,-128,-127,128000,65535
2022-10-07 18:45:10.577299,-128,-120,130560,65535
2022-10-07 18:45:10.628586,-128,-112,130560,65535
2022-10-07 18:45:11.180707,-128,-104,130560,65535
2022-10-07 18:45:11.232128,-128,-96,130560,65535
2022-10-07 18:45:11.283416,-128,-88,130560,65535
2022-10-07 18:45:11.334778,-128,-80,130560,65535
2022-10-07 18:45:11.386140,-128,-72,135680,65535
2022-10-07 18:45:11.437458,-128,-64,189440,65535
2022-10-07 18:45:11.488736,-128,-56,261120,65535
2022-10-07 18:45:11.540034,-128,-48,261120,65535
2022-10-07 18:45:11.591450,-128,-40,261120,65535
2022-10-07 18:45:11.642773,-128,-32,256000,65535
2022-10-07 18:45:12.194745,-128,-24,258560,65535
2022-10-07 18:45:12.246097,-128,-16,253440,65535
2022-10-07 18:45:12.297395,-128,-8,245760,65535
2022-10-07 18:45:12.348670,-128,127,133120,65535
2022-10-07 18:45:12.399967,-128,120,133120,65535
2022-10-07 18:45:12.451333,-128,112,133120,65535
2022-10-07 18:45:12.502650,-128,104,133120,65535
2022-10-07 18:45:12.553965,-128,96,133120,65535
2022-10-07 18:45:12.605323,-128,88,133120,65535
2022-10-07 18:45:12.656582,-128,80,133120,65535
2022-10-07 18:45:13.208548,-128,72,138240,65535
2022-10-07 18:45:13.259936,-128,64,181760,65535
2022-10-07 18:45:13.311259,-128,56,256000,65535
2022-10-07 18:45:13.362535,-128,48,258560,65535
2022-10-07 18:45:13.413811,-128,40,261120,65535
2022-10-07 18:45:13.465135,-128,32,258560,65535
2022-10-07 18:45:13.516505,-128,24,256000,65535
2022-10-07 18:45:13.567938,-128,16,256000,65535
2022-10-07 18:45:13.619369,-128,8,248320,65535
2022-10-07 18:45:13.670667,-128,0,245760,65535
2022-10-07 18:45:14.222622,-120,-127,130560,65535
2022-10-07 18:45:14.273932,-120,-120,130560,65535
2022-10-07 18:45:14.325261,-120,-112,130560,65535
2022-10-07 18:45:14.376586,-120,-104,130560,65535
2022-10-07 18:45:14.427891,-120,-96,130560,65535
2022-10-07 18:45:14.479296,-120,-88,130560,65535
2022-10-07 18:45:14.530706,-120,-80,130560,65535
2022-10-07 18:45:14.582007,-120,-72,135680,65535
2022-10-07 18:45:14.633338,-120,-64,197120,65535
2022-10-07 18:45:14.684648,-120,-56,258560,65535
2022-10-07 18:45:15.236611,-120,-48,261120,65535
2022-10-07 18:45:15.287921,-120,-40,261120,65535
2022-10-07 18:45:15.339401,-120,-32,261120,65535
2022-10-07 18:45:15.390778,-120,-24,263680,65535
2022-10-07 18:45:15.442155,-120,-16,279040,65535
2022-10-07 18:45:15.493541,-120,-8,358400,65535
2022-10-07 18:45:15.544977,-120,127,133120,65535
2022-10-07 18:45:15.596312,-120,120,133120,65535
2022-10-07 18:45:15.647581,-120,112,133120,65535
2022-10-07 18:45:15.698976,-120,104,133120,65535
2022-10-07 18:45:16.250963,-120,96,133120,65535
2022-10-07 18:45:16.302350,-120,88,133120,65535
2022-10-07 18:45:16.353711,-120,80,133120,65535
2022-10-07 18:45:16.405017,-120,72,140800,65535
2022-10-07 18:45:16.456400,-120,64,192000,65535
2022-10-07 18:45:16.507719,-120,56,256000,65535
2022-10-07 18:45:16.559024,-120,48,258560,65535
2022-10-07 18:45:16.610399,-120,40,261120,65535
2022-10-07 18:45:16.661714,-120,32,258560,65535
2022-10-07 18:45:16.713030,-120,24,268800,65535
2022-10-07 18:45:17.265165,-120,16,296960,65535
2022-10-07 18:45:17.316521,-120,8,419840,65535
2022-10-07 18:45:17.367824,-120,0,465920,65535
2022-10-07 18:45:17.419166,-112,-127,130560,65535
2022-10-07 18:45:17.470452,-112,-120,130560,65535
2022-10-07 18:45:17.521758,-112,-112,130560,65535
2022-10-07 18:45:17.573091,-112,-104,130560,65535
2022-10-07 18:45:17.624426,-112,-96,130560,65535
2022-10-07 18:45:17.675728,-112,-88,130560,65535
2022-10-07 18:45:17.727021,-112,-80,130560,65535
2022-10-07 18:45:18.279324,-112,-72,135680,65535
2022-10-07 18:45:18.330827,-112,-64,189440,65535
2022-10-07 18:45:18.382208,-112,-56,261120,65535
2022-10-07 18:45:18.433574,-112,-48,261120,65535
2022-10-07 18:45:18.484861,-112,-40,261120,65535
2022-10-07 18:45:18.536195,-112,-32,263680,65535
2022-10-07 18:45:18.587531,-112,-24,276480,65535
2022-10-07 18:45:18.638841,-112,-16,343040,65535
2022-10-07 18:45:18.690185,-112,-8,596480,65535
2022-10-07 18:45:18.741510,-112,127,133120,65535
2022-10-07 18:45:19.293461,-112,120,133120,65535
2022-10-07 18:45:19.344846,-112,112,133120,65535
2022-10-07 18:45:19.396175,-112,104,133120,65535
2022-10-07 18:45:19.447512,-112,96,133120,65535
2022-10-07 18:45:19.498896,-112,88,133120,65535
2022-10-07 18:45:19.550248,-112,80,133120,65535
2022-10-07 18:45:19.601576,-112,72,140800,65535
2022-10-07 18:45:19.652870,-112,64,189440,65535
2022-10-07 18:45:19.704189,-112,56,253440,65535
2022-10-07 18:45:19.755653,-112,48,261120,65535
2022-10-07 18:45:20.307575,-112,40,261120,65535
2022-10-07 18:45:20.358901,-112,32,263680,65535
2022-10-07 18:45:20.410248,-112,24,281600,65535
2022-10-07 18:45:20.461561,-112,16,394240,65535
2022-10-07 18:45:20.512883,-112,8,808960,65535
2022-10-07 18:45:20.564219,-112,0,1146880,65535
2022-10-07 18:45:20.615556,-104,-127,128000,65535
2022-10-07 18:45:20.667316,-104,-120,130560,65535
2022-10-07 18:45:20.718602,-104,-112,130560,65535
2022-10-07 18:45:20.769952,-104,-104,130560,65535
2022-10-07 18:45:21.322049,-104,-96,130560,65535
2022-10-07 18:45:21.373453,-104,-88,130560,65535
2022-10-07 18:45:21.424736,-104,-80,130560,65535
2022-10-07 18:45:21.476078,-104,-72,135680,65535
2022-10-07 18:45:21.527405,-104,-64,189440,65535
2022-10-07 18:45:21.578832,-104,-56,261120,65535
2022-10-07 18:45:21.630312,-104,-48,261120,65535
2022-10-07 18:45:21.681731,-104,-40,261120,65535
2022-10-07 18:45:21.733113,-104,-32,268800,65535
2022-10-07 18:45:21.784498,-104,-24,307200,65535
2022-10-07 18:45:22.336510,-104,-16,481280,65535
2022-10-07 18:45:22.387893,-104,-8,1259520,65535
2022-10-07 18:45:22.439335,-104,127,130560,65535
2022-10-07 18:45:22.490797,-104,120,133120,65535
2022-10-07 18:45:22.542126,-104,112,133120,65535
2022-10-07 18:45:22.593440,-104,104,133120,65535
2022-10-07 18:45:22.644764,-104,96,133120,65535
2022-10-07 18:45:22.696095,-104,88,133120,65535
2022-10-07 18:45:22.747407,-104,80,133120,65535
2022-10-07 18:45:22.798690,-104,72,138240,65535
2022-10-07 18:45:23.350619,-104,64,181760,65535
2022-10-07 18:45:23.401956,-104,56,256000,65535
2022-10-07 18:45:23.453309,-104,48,258560,65535
2022-10-07 18:45:23.504621,-104,40,261120,65535
2022-10-07 18:45:23.555943,-104,32,271360,65535
2022-10-07 18:45:23.607294,-104,24,330240,65535
2022-10-07 18:45:23.658598,-104,16,601600,65535
2022-10-07 18:45:23.709889,-104,8,1912320,65535
2022-10-07 18:45:23.761241,-104,0,3361280,65535
2022-10-07 18:45:23.812545,-96,-127,130560,65535
2022-10-07 18:45:24.364519,-96,-120,130560,65535
2022-10-07 18:45:24.415866,-96,-112,130560,65535
2022-10-07 18:45:24.467183,-96,-104,130560,65535
2022-10-07 18:45:24.518500,-96,-96,130560,65535
2022-10-07 18:45:24.569798,-96,-88,130560,65535
2022-10-07 18:45:24.621164,-96,-80,130560,65535
2022-10-07 18:45:24.672455,-96,-72,135680,65535
2022-10-07 18:45:24.723726,-96,-64,184320,65535
2022-10-07 18:45:24.775012,-96,-56,261120,65535
2022-10-07 18:45:24.826357,-96,-48,261120,65535
2022-10-07 18:45:25.378321,-96,-40,263680,65535
2022-10-07 18:45:25.429612,-96,-32,286720,65535
2022-10-07 18:45:25.480903,-96,-24,386560,65535
2022-10-07 18:45:25.532237,-96,-16,855040,65535
2022-10-07 18:45:25.583524,-96,-8,3438080,65535
2022-10-07 18:45:25.634954,-96,127,130560,65535
2022-10-07 18:45:25.686282,-96,120,133120,65535
2022-10-07 18:45:25.737664,-96,112,133120,65535
2022-10-07 18:45:25.789009,-96,104,133120,65535
2022-10-07 18:45:25.840458,-96,96,133120,65535
2022-10-07 18:45:26.392465,-96,88,133120,65535
2022-10-07 18:45:26.443745,-96,80,133120,65535
2022-10-07 18:45:26.495149,-96,72,138240,65535
2022-10-07 18:45:26.546485,-96,64,184320,65535
2022-10-07 18:45:26.597797,-96,56,253440,65535
2022-10-07 18:45:26.649206,-96,48,258560,65535
2022-10-07 18:45:26.700507,-96,40,263680,65535
2022-10-07 18:45:26.751787,-96,32,294400,65535
2022-10-07 18:45:26.803132,-96,24,453120,65535
2022-10-07 18:45:26.854520,-96,16,1180160,65535
2022-10-07 18:45:27.406457,-96,8,5158400,65535
2022-10-07 18:45:27.457741,-96,0,8117760,65535
2022-10-07 18:45:27.509086,-88,-127,130560,65535
2022-10-07 18:45:27.560374,-88,-120,130560,65535
2022-10-07 18:45:27.611654,-88,-112,130560,65535
2022-10-07 18:45:27.663121,-88,-104,130560,65535
2022-10-07 18:45:27.714511,-88,-96,130560,65535
2022-10-07 18:45:27.765795,-88,-88,130560,65535
2022-10-07 18:45:27.817270,-88,-80,130560,65535
2022-10-07 18:45:27.868540,-88,-72,135680,65535
2022-10-07 18:45:28.420557,-88,-64,186880,65535
2022-10-07 18:45:28.471870,-88,-56,258560,65535
2022-10-07 18:45:28.523210,-88,-48,261120,65535
2022-10-07 18:45:28.574478,-88,-40,268800,65535
2022-10-07 18:45:28.625743,-88,-32,337920,65535
2022-10-07 18:45:28.677025,-88,-24,583680,65535
2022-10-07 18:45:28.728479,-88,-16,2035200,65535
2022-10-07 18:45:28.779756,-88,-8,9484800,65535
2022-10-07 18:45:28.831140,-88,127,133120,65535
2022-10-07 18:45:28.882167,-88,120,133120,65535
2022-10-07 18:45:29.433981,-88,112,133120,65535
2022-10-07 18:45:29.485179,-88,104,133120,65535
2022-10-07 18:45:29.536578,-88,96,133120,65535
2022-10-07 18:45:29.587857,-88,88,133120,65535
2022-10-07 18:45:29.639256,-88,80,133120,65535
2022-10-07 18:45:29.690572,-88,72,138240,65535
2022-10-07 18:45:29.741854,-88,64,184320,65535
2022-10-07 18:45:29.793162,-88,56,256000,65535
2022-10-07 18:45:29.844428,-88,48,261120,65535
2022-10-07 18:45:29.895690,-88,40,271360,65535
2022-10-07 18:45:30.447700,-88,32,337920,65535
2022-10-07 18:45:30.499172,-88,24,709120,65535
2022-10-07 18:45:30.550513,-88,16,3128320,65535
2022-10-07 18:45:30.601894,-88,8,12779520,65535
2022-10-07 18:45:30.653278,-88,0,18096640,65535
2022-10-07 18:45:30.704545,-80,-127,128000,65535
2022-10-07 18:45:30.755947,-80,-120,130560,65535
2022-10-07 18:45:30.807907,-80,-112,130560,65535
2022-10-07 18:45:30.859329,-80,-104,130560,65535
2022-10-07 18:45:30.910697,-80,-96,130560,65535
2022-10-07 18:45:31.462621,-80,-88,130560,65535
2022-10-07 18:45:31.513961,-80,-80,130560,65535
2022-10-07 18:45:31.565280,-80,-72,133120,65535
2022-10-07 18:45:31.616541,-80,-64,181760,65535
2022-10-07 18:45:31.667866,-80,-56,261120,65535
2022-10-07 18:45:31.719363,-80,-48,263680,65535
2022-10-07 18:45:31.770712,-80,-40,281600,65535
2022-10-07 18:45:31.822006,-80,-32,442880,65535
2022-10-07 18:45:31.873392,-80,-24,1098240,65535
2022-10-07 18:45:31.924662,-80,-16,5752320,65535
2022-10-07 18:45:32.476594,-80,-8,22947840,65535
2022-10-07 18:45:32.527885,-80,127,130560,65535
2022-10-07 18:45:32.579208,-80,120,133120,65535
2022-10-07 18:45:32.630487,-80,112,133120,65535
2022-10-07 18:45:32.681789,-80,104,133120,65535
2022-10-07 18:45:32.733223,-80,96,133120,65535
2022-10-07 18:45:32.784497,-80,88,133120,65535
2022-10-07 18:45:32.835781,-80,80,133120,65535
2022-10-07 18:45:32.887267,-80,72,138240,65535
2022-10-07 18:45:32.938540,-80,64,181760,65535
2022-10-07 18:45:33.490567,-80,56,256000,65535
2022-10-07 18:45:33.541862,-80,48,261120,65535
2022-10-07 18:45:33.593284,-80,40,286720,65535
2022-10-07 18:45:33.644549,-80,32,442880,65535
2022-10-07 18:45:33.695820,-80,24,1431040,65535
2022-10-07 18:45:33.747139,-80,16,8908800,65535
2022-10-07 18:45:33.798412,-80,8,31293440,65535
2022-10-07 18:45:33.849680,-80,0,44953600,65535
2022-10-07 18:45:33.901002,-72,-127,130560,65535
2022-10-07 18:45:33.952318,-72,-120,130560,65535
2022-10-07 18:45:34.504231,-72,-112,130560,65535
2022-10-07 18:45:34.555532,-72,-104,130560,65535
2022-10-07 18:45:34.606797,-72,-96,130560,65535
2022-10-07 18:45:34.658104,-72,-88,130560,65535
2022-10-07 18:45:34.709408,-72,-80,130560,65535
2022-10-07 18:45:34.760673,-72,-72,133120,65535
2022-10-07 18:45:34.811956,-72,-64,186880,65535
2022-10-07 18:45:34.863272,-72,-56,258560,65535
2022-10-07 18:45:34.914608,-72,-48,266240,65535
2022-10-07 18:45:34.965920,-72,-40,320000,65535
2022-10-07 18:45:35.517842,-72,-32,711680,65535
2022-10-07 18:45:35.569173,-72,-24,2877440,65535
2022-10-07 18:45:35.620452,-72,-16,16015360,65535
2022-10-07 18:45:35.671723,-72,-8,51722240,65535
2022-10-07 18:45:35.723008,-72,127,133120,65535
2022-10-07 18:45:35.774418,-72,120,133120,65535
2022-10-07 18:45:35.825844,-72,112,133120,65535
2022-10-07 18:45:35.877161,-72,104,133120,65535
2022-10-07 18:45:35.928462,-72,96,133120,65535
2022-10-07 18:45:35.979733,-72,88,133120,65535
2022-10-07 18:45:36.531669,-72,80,133120,65535
2022-10-07 18:45:36.582959,-72,72,138240,65535
2022-10-07 18:45:36.634279,-72,64,184320,65535
2022-10-07 18:45:36.685617,-72,56,253440,65535
2022-10-07 18:45:36.736900,-72,48,266240,65535
2022-10-07 18:45:36.788247,-72,40,327680,65535
2022-10-07 18:45:36.839567,-72,32,668160,65535
2022-10-07 18:45:36.890850,-72,24,3793920,65535
2022-10-07 18:45:36.942165,-72,16,22220800,65535
2022-10-07 18:45:37.594465,-72,8,79902720,65535
2022-10-07 18:45:37.746241,-72,0,110164480,65535
2022-10-07 18:45:37.797550,-64,-127,130560,65535
2022-10-07 18:45:37.848826,-64,-120,130560,65535
2022-10-07 18:45:37.900195,-64,-112,130560,65535
2022-10-07 18:45:37.951496,-64,-104,130560,65535
2022-10-07 18:45:38.002770,-64,-96,130560,65535
2022-10-07 18:45:38.054051,-64,-88,130560,65535
2022-10-07 18:45:38.606021,-64,-80,130560,65535
2022-10-07 18:45:38.657347,-64,-72,135680,65535
2022-10-07 18:45:38.708674,-64,-64,186880,65535
2022-10-07 18:45:38.760161,-64,-56,258560,65535
2022-10-07 18:45:38.811442,-64,-48,276480,65535
2022-10-07 18:45:38.862900,-64,-40,399360,65535
2022-10-07 18:45:38.914283,-64,-32,1461760,65535
2022-10-07 18:45:38.965568,-64,-24,9077760,65535
2022-10-07 18:45:39.016855,-64,-16,40857600,65535
2022-10-07 18:45:39.669171,-64,-8,143959040,65535
2022-10-07 18:45:39.720542,-64,127,133120,65535
2022-10-07 18:45:39.771851,-64,120,133120,65535
2022-10-07 18:45:39.823201,-64,112,133120,65535
2022-10-07 18:45:39.874566,-64,104,133120,65535
2022-10-07 18:45:39.925884,-64,96,133120,65535
2022-10-07 18:45:39.977235,-64,88,133120,65535
2022-10-07 18:45:40.028562,-64,80,133120,65535
2022-10-07 18:45:40.079879,-64,72,138240,65535
2022-10-07 18:45:40.131226,-64,64,184320,65535
2022-10-07 18:45:40.683229,-64,56,256000,65535
2022-10-07 18:45:40.734602,-64,48,279040,65535
2022-10-07 18:45:40.786097,-64,40,404480,65535
2022-10-07 18:45:40.837497,-64,32,1267200,65535
2022-10-07 18:45:40.888838,-64,24,11008000,65535
2022-10-07 18:45:40.940168,-64,16,54773760,65535
2022-10-07 18:45:41.091815,-64,8,167769600,57004
2022-10-07 18:45:41.744114,-64,0,167769600,33988
2022-10-07 18:45:41.795452,-56,-127,128000,65535
2022-10-07 18:45:41.846782,-56,-120,130560,65535
2022-10-07 18:45:41.898098,-56,-112,130560,65535
2022-10-07 18:45:41.950122,-56,-104,130560,65535
2022-10-07 18:45:42.001527,-56,-96,130560,65535
2022-10-07 18:45:42.052913,-56,-88,130560,65535
2022-10-07 18:45:42.104254,-56,-80,130560,65535
2022-10-07 18:45:42.155620,-56,-72,133120,65535
2022-10-07 18:45:42.207019,-56,-64,186880,65535
2022-10-07 18:45:42.759159,-56,-56,263680,65535
2022-10-07 18:45:42.810486,-56,-48,299520,65535
2022-10-07 18:45:42.861769,-56,-40,535040,65535
2022-10-07 18:45:42.913052,-56,-32,3729920,65535
2022-10-07 18:45:42.964504,-56,-24,23191040,65535
2022-10-07 18:45:43.116231,-56,-16,96194560,65535
2022-10-07 18:45:43.768586,-56,-8,167769600,29036
2022-10-07 18:45:43.819879,-56,127,130560,65535
2022-10-07 18:45:43.871205,-56,120,133120,65535
2022-10-07 18:45:43.922535,-56,112,133120,65535
2022-10-07 18:45:43.973827,-56,104,133120,65535
2022-10-07 18:45:44.025160,-56,96,133120,65535
2022-10-07 18:45:44.076440,-56,88,133120,65535
2022-10-07 18:45:44.127775,-56,80,133120,65535
2022-10-07 18:45:44.179092,-56,72,138240,65535
2022-10-07 18:45:44.230409,-56,64,184320,65535
2022-10-07 18:45:44.782457,-56,56,256000,65535
2022-10-07 18:45:44.833753,-56,48,302080,65535
2022-10-07 18:45:44.885052,-56,40,527360,65535
2022-10-07 18:45:44.936412,-56,32,2990080,65535
2022-10-07 18:45:44.987746,-56,24,26992640,65535
2022-10-07 18:45:45.139559,-56,16,125708800,65535
2022-10-07 18:45:45.791944,-56,8,167769600,18863
2022-10-07 18:45:45.943698,-56,0,167769600,10921
2022-10-07 18:45:45.995176,-48,-127,128000,65535
2022-10-07 18:45:46.046539,-48,-120,130560,65535
2022-10-07 18:45:46.097917,-48,-112,130560,65535
2022-10-07 18:45:46.149376,-48,-104,130560,65535
2022-10-07 18:45:46.200745,-48,-96,130560,65535
2022-10-07 18:45:46.252306,-48,-88,130560,65535
2022-10-07 18:45:46.804390,-48,-80,130560,65535
2022-10-07 18:45:46.855806,-48,-72,135680,65535
2022-10-07 18:45:46.907140,-48,-64,184320,65535
2022-10-07 18:45:46.958476,-48,-56,263680,65535
2022-10-07 18:45:47.009767,-48,-48,337920,65535
2022-10-07 18:45:47.061095,-48,-40,855040,65535
2022-10-07 18:45:47.112399,-48,-32,10490880,65535
2022-10-07 18:45:47.163687,-48,-24,52554240,65535
2022-10-07 18:45:47.816045,-48,-16,167769600,49672
2022-10-07 18:45:47.967792,-48,-8,167769600,9850
2022-10-07 18:45:48.019111,-48,127,130560,65535
2022-10-07 18:45:48.070406,-48,120,133120,65535
2022-10-07 18:45:48.121704,-48,112,133120,65535
2022-10-07 18:45:48.173137,-48,104,133120,65535
2022-10-07 18:45:48.224425,-48,96,133120,65535
2022-10-07 18:45:48.275697,-48,88,133120,65535
2022-10-07 18:45:48.827652,-48,80,133120,65535
2022-10-07 18:45:48.879125,-48,72,138240,65535
2022-10-07 18:45:48.930445,-48,64,181760,65535
2022-10-07 18:45:48.981712,-48,56,258560,65535
2022-10-07 18:45:49.032998,-48,48,340480,65535
2022-10-07 18:45:49.084380,-48,40,806400,65535
2022-10-07 18:45:49.135651,-48,32,8081920,65535
2022-10-07 18:45:49.287537,-48,24,62295040,65535
2022-10-07 18:45:49.939839,-48,16,167769600,37993
2022-10-07 18:45:50.091513,-48,8,167769600,7151
2022-10-07 18:45:50.243237,-48,0,167769600,3614
2022-10-07 18:45:50.294525,-40,-127,128000,65535
2022-10-07 18:45:50.846564,-40,-120,130560,65535
2022-10-07 18:45:50.897864,-40,-112,130560,65535
2022-10-07 18:45:50.949189,-40,-104,130560,65535
2022-10-07 18:45:51.000465,-40,-96,130560,65535
2022-10-07 18:45:51.051748,-40,-88,130560,65535
2022-10-07 18:45:51.103034,-40,-80,130560,65535
2022-10-07 18:45:51.154356,-40,-72,135680,65535
2022-10-07 18:45:51.205642,-40,-64,186880,65535
2022-10-07 18:45:51.256937,-40,-56,271360,65535
2022-10-07 18:45:51.308257,-40,-48,417280,65535
2022-10-07 18:45:51.860167,-40,-40,1584640,65535
2022-10-07 18:45:51.911280,-40,-32,26772480,65535
2022-10-07 18:45:52.062677,-40,-24,115384320,65535
2022-10-07 18:45:52.214233,-40,-16,167769600,21399
2022-10-07 18:45:52.866644,-40,-8,167769600,3584
2022-10-07 18:45:52.917973,-40,127,130560,65535
2022-10-07 18:45:52.969443,-40,120,133120,65535
2022-10-07 18:45:53.020713,-40,112,133120,65535
2022-10-07 18:45:53.072101,-40,104,133120,65535
2022-10-07 18:45:53.123385,-40,96,133120,65535
2022-10-07 18:45:53.174668,-40,88,133120,65535
2022-10-07 18:45:53.225958,-40,80,133120,65535
2022-10-07 18:45:53.277286,-40,72,138240,65535
2022-10-07 18:45:53.328552,-40,64,181760,65535
2022-10-07 18:45:53.880565,-40,56,271360,65535
2022-10-07 18:45:53.931867,-40,48,407040,65535
2022-10-07 18:45:53.983241,-40,40,1477120,65535
2022-10-07 18:45:54.034543,-40,32,20121600,65535
2022-10-07 18:45:54.186205,-40,24,130237440,65535
2022-10-07 18:45:54.337853,-40,16,167769600,13213
2022-10-07 18:45:54.990124,-40,8,167769600,1765
2022-10-07 18:45:55.141925,-40,0,167769600,1003
2022-10-07 18:45:55.193243,-32,-127,128000,65535
2022-10-07 18:45:55.244516,-32,-120,130560,65535
2022-10-07 18:45:55.295784,-32,-112,130560,65535
2022-10-07 18:45:55.347096,-32,-104,130560,65535
2022-10-07 18:45:55.899758,-32,-96,130560,65535
2022-10-07 18:45:55.951086,-32,-88,130560,65535
2022-10-07 18:45:56.002416,-32,-80,130560,65535
2022-10-07 18:45:56.053710,-32,-72,135680,65535
2022-10-07 18:45:56.105033,-32,-64,184320,65535
2022-10-07 18:45:56.156380,-32,-56,294400,65535
2022-10-07 18:45:56.207656,-32,-48,524800,65535
2022-10-07 18:45:56.258976,-32,-40,4597760,65535
2022-10-07 18:45:56.310305,-32,-32,55490560,65535
2022-10-07 18:45:56.962521,-32,-24,167769600,41887
2022-10-07 18:45:57.114277,-32,-16,167769600,7196
2022-10-07 18:45:57.265885,-32,-8,167769600,699
2022-10-07 18:45:57.317223,-32,127,130560,65535
2022-10-07 18:45:57.368535,-32,120,133120,65535
2022-10-07 18:45:57.419819,-32,112,133120,65535
2022-10-07 18:45:57.971871,-32,104,133120,65535
2022-10-07 18:45:58.023235,-32,96,133120,65535
2022-10-07 18:45:58.074605,-32,88,133120,65535
2022-10-07 18:45:58.125998,-32,80,133120,65535
2022-10-07 18:45:58.177423,-32,72,135680,65535
2022-10-07 18:45:58.228692,-32,64,184320,65535
2022-10-07 18:45:58.280051,-32,56,281600,65535
2022-10-07 18:45:58.331401,-32,48,524800,65535
2022-10-07 18:45:58.382671,-32,40,3348480,65535
2022-10-07 18:45:58.433956,-32,32,43456000,65535
2022-10-07 18:45:59.086280,-32,24,167769600,36253
2022-10-07 18:45:59.237885,-32,16,167769600,4544
2022-10-07 18:45:59.389524,-32,8,167769600,386
2022-10-07 18:46:00.041773,-32,0,167769600,135
2022-10-07 18:46:00.093136,-24,-127,128000,65535
2022-10-07 18:46:00.144482,-24,-120,130560,65535
2022-10-07 18:46:00.195888,-24,-112,130560,65535
2022-10-07 18:46:00.247268,-24,-104,130560,65535
2022-10-07 18:46:00.298551,-24,-96,130560,65535
2022-10-07 18:46:00.349823,-24,-88,130560,65535
2022-10-07 18:46:00.401177,-24,-80,130560,65535
2022-10-07 18:46:00.452472,-24,-72,135680,65535
2022-10-07 18:46:00.503779,-24,-64,189440,65535
2022-10-07 18:46:01.055762,-24,-56,343040,65535
2022-10-07 18:46:01.107093,-24,-48,808960,65535
2022-10-07 18:46:01.158391,-24,-40,12444160,65535
2022-10-07 18:46:01.310117,-24,-32,132165120,65535
2022-10-07 18:46:01.461773,-24,-24,167769600,14700
2022-10-07 18:46:02.114217,-24,-16,167769600,2116
2022-10-07 18:46:02.265836,-24,-8,167769600,127
2022-10-07 18:46:02.317160,-24,127,130560,65535
2022-10-07 18:46:02.368440,-24,120,133120,65535
2022-10-07 18:46:02.419773,-24,112,133120,65535
2022-10-07 18:46:02.471017,-24,104,133120,65535
2022-10-07 18:46:02.522160,-24,96,133120,65535
2022-10-07 18:46:02.573278,-24,88,133120,65535
2022-10-07 18:46:03.125135,-24,80,133120,65535
2022-10-07 18:46:03.176471,-24,72,138240,65535
2022-10-07 18:46:03.227891,-24,64,181760,65535
2022-10-07 18:46:03.279325,-24,56,307200,65535
2022-10-07 18:46:03.330630,-24,48,698880,65535
2022-10-07 18:46:03.382040,-24,40,8770560,65535
2022-10-07 18:46:03.533898,-24,32,97597440,65535
2022-10-07 18:46:04.186237,-24,24,167769600,12940
2022-10-07 18:46:04.337977,-24,16,167769600,1095
2022-10-07 18:46:04.489772,-24,8,167769600,37
2022-10-07 18:46:04.641430,-24,0,167769600,13
2022-10-07 18:46:05.193399,-16,-127,128000,65535
2022-10-07 18:46:05.244665,-16,-120,130560,65535
2022-10-07 18:46:05.295983,-16,-112,130560,65535
2022-10-07 18:46:05.347347,-16,-104,130560,65535
2022-10-07 18:46:05.398662,-16,-96,130560,65535
2022-10-07 18:46:05.449970,-16,-88,130560,65535
2022-10-07 18:46:05.501334,-16,-80,130560,65535
2022-10-07 18:46:05.552666,-16,-72,135680,65535
2022-10-07 18:46:05.603970,-16,-64,184320,65535
2022-10-07 18:46:05.655331,-16,-56,386560,65535
2022-10-07 18:46:06.207323,-16,-48,1438720,65535
2022-10-07 18:46:06.258648,-16,-40,29068800,65535
2022-10-07 18:46:06.410435,-16,-32,167769600,34529
2022-10-07 18:46:06.562324,-16,-24,167769600,5201
2022-10-07 18:46:07.214599,-16,-16,167769600,554
2022-10-07 18:46:07.366266,-16,-8,167769600,43
2022-10-07 18:46:07.417563,-16,127,130560,65535
2022-10-07 18:46:07.468917,-16,120,133120,65535
2022-10-07 18:46:07.520301,-16,112,133120,65535
2022-10-07 18:46:07.571594,-16,104,133120,65535
2022-10-07 18:46:07.622883,-16,96,133120,65535
2022-10-07 18:46:07.674200,-16,88,133120,65535
2022-10-07 18:46:08.226180,-16,80,133120,65535
2022-10-07 18:46:08.277491,-16,72,135680,65535
2022-10-07 18:46:08.328787,-16,64,189440,65535
2022-10-07 18:46:08.380103,-16,56,340480,65535
2022-10-07 18:46:08.431449,-16,48,1088000,65535
2022-10-07 18:46:08.482778,-16,40,22658560,65535
2022-10-07 18:46:08.634532,-16,32,167769600,46813
2022-10-07 18:46:09.286790,-16,24,167769600,3927
2022-10-07 18:46:09.438544,-16,16,167769600,96
2022-10-07 18:46:09.590198,-16,8,167769600,1
2022-10-07 18:46:09.741861,-16,0,167769600,1
2022-10-07 18:46:10.293778,-8,-127,128000,65535
2022-10-07 18:46:10.345110,-8,-120,130560,65535
2022-10-07 18:46:10.396408,-8,-112,130560,65535
2022-10-07 18:46:10.447736,-8,-104,130560,65535
2022-10-07 18:46:10.499213,-8,-96,130560,65535
2022-10-07 18:46:10.551323,-8,-88,130560,65535
2022-10-07 18:46:10.602614,-8,-80,130560,65535
2022-10-07 18:46:10.653913,-8,-72,135680,65535
2022-10-07 18:46:10.705301,-8,-64,189440,65535
2022-10-07 18:46:10.756568,-8,-56,476160,65535
2022-10-07 18:46:11.308499,-8,-48,3566080,65535
2022-10-07 18:46:11.460170,-8,-40,66416640,65535
2022-10-07 18:46:11.611775,-8,-32,167769600,11247
2022-10-07 18:46:11.763529,-8,-24,167769600,1356
2022-10-07 18:46:12.415743,-8,-16,167769600,94
2022-10-07 18:46:12.567428,-8,-8,167769600,0
2022-10-07 18:46:12.618736,-8,127,130560,65535
2022-10-07 18:46:12.670038,-8,120,133120,65535
2022-10-07 18:46:12.721458,-8,112,133120,65535
2022-10-07 18:46:12.772725,-8,104,133120,65535
2022-10-07 18:46:13.324646,-8,96,133120,65535
2022-10-07 18:46:13.375943,-8,88,133120,65535
2022-10-07 18:46:13.427266,-8,80,133120,65535
2022-10-07 18:46:13.478533,-8,72,135680,65535
2022-10-07 18:46:13.529822,-8,64,189440,65535
2022-10-07 18:46:13.581127,-8,56,389120,65535
2022-10-07 18:46:13.632438,-8,48,1945600,65535
2022-10-07 18:46:13.683705,-8,40,49830400,65535
2022-10-07 18:46:14.335943,-8,32,167769600,17121
2022-10-07 18:46:14.487659,-8,24,167769600,892
2022-10-07 18:46:14.639412,-8,16,167769600,20
2022-10-07 18:46:14.791033,-8,8,167769600,0
2022-10-07 18:46:15.443292,-8,0,167769600,0
2022-10-07 18:46:15.494572,0,-127,128000,65535
2022-10-07 18:46:15.545943,0,-120,130560,65535
2022-10-07 18:46:15.597271,0,-112,130560,65535
2022-10-07 18:46:15.648572,0,-104,130560,65535
2022-10-07 18:46:15.699920,0,-96,130560,65535
2022-10-07 18:46:15.751423,0,-88,130560,65535
2022-10-07 18:46:15.802698,0,-80,130560,65535
2022-10-07 18:46:16.354669,0,-72,135680,65535
2022-10-07 18:46:16.405979,0,-64,197120,65535
2022-10-07 18:46:16.457299,0,-56,565760,65535
2022-10-07 18:46:16.508595,0,-48,10291200,65535
2022-10-07 18:46:16.660503,0,-40,150666240,65535
2022-10-07 18:46:16.812272,0,-32,167769600,4154
2022-10-07 18:46:17.464666,0,-24,167769600,289
2022-10-07 18:46:17.616327,0,-16,167769600,17
2022-10-07 18:46:17.767913,0,-8,167769600,0
2022-10-07 18:46:17.819222,0,127,130560,65535
2022-10-07 18:46:18.371265,0,120,133120,65535
2022-10-07 18:46:18.422535,0,112,133120,65535
2022-10-07 18:46:18.473804,0,104,133120,65535
2022-10-07 18:46:18.525120,0,96,133120,65535
2022-10-07 18:46:18.576414,0,88,133120,65535
2022-10-07 18:46:18.627673,0,80,133120,65535
2022-10-07 18:46:18.678956,0,72,135680,65535
2022-10-07 18:46:18.730273,0,64,204800,65535
2022-10-07 18:46:18.781570,0,56,491520,65535
2022-10-07 18:46:18.832835,0,48,5406720,65535
2022-10-07 18:46:19.485037,0,40,122606080,65535
2022-10-07 18:46:19.636670,0,32,167769600,4767
2022-10-07 18:46:19.788395,0,24,167769600,112
2022-10-07 18:46:20.440770,0,16,167769600,2
2022-10-07 18:46:20.592424,0,8,167769600,0
2022-10-07 18:46:20.744168,0,0,167769600,0
2022-10-07 18:46:20.795454,8,-127,128000,65535
2022-10-07 18:46:20.846729,8,-120,130560,65535
2022-10-07 18:46:20.898016,8,-112,130560,65535
2022-10-07 18:46:21.450019,8,-104,130560,65535
2022-10-07 18:46:21.501361,8,-96,130560,65535
2022-10-07 18:46:21.552616,8,-88,130560,65535
2022-10-07 18:46:21.603902,8,-80,130560,65535
2022-10-07 18:46:21.655221,8,-72,133120,65535
2022-10-07 18:46:21.706491,8,-64,181760,65535
2022-10-07 18:46:21.757770,8,-56,632320,65535
2022-10-07 18:46:21.809138,8,-48,17848320,65535
2022-10-07 18:46:22.461483,8,-40,167769600,32169
2022-10-07 18:46:22.613175,8,-32,167769600,1255
2022-10-07 18:46:22.764831,8,-24,167769600,54
2022-10-07 18:46:22.916540,8,-16,167769600,2
2022-10-07 18:46:23.568944,8,-8,167769600,0
2022-10-07 18:46:23.620444,8,127,130560,65535
2022-10-07 18:46:23.671782,8,120,133120,65535
2022-10-07 18:46:23.723215,8,112,133120,65535
2022-10-07 18:46:23.774490,8,104,133120,65535
2022-10-07 18:46:23.825753,8,96,133120,65535
2022-10-07 18:46:23.877035,8,88,133120,65535
2022-10-07 18:46:23.928366,8,80,133120,65535
2022-10-07 18:46:24.480273,8,72,135680,65535
2022-10-07 18:46:24.531464,8,64,194560,65535
2022-10-07 18:46:24.582506,8,56,514560,65535
2022-10-07 18:46:24.633772,8,48,9725440,65535
2022-10-07 18:46:24.785405,8,40,167769600,44320
2022-10-07 18:46:24.937156,8,32,167769600,1463
2022-10-07 18:46:25.589503,8,24,167769600,19
2022-10-07 18:46:25.741179,8,16,167769600,0
2022-10-07 18:46:25.741216,8,8,167769600,0
2022-10-07 18:46:25.892859,8,0,167769600,0
2022-10-07 18:46:25.944184,16,-127,128000,65535
2022-10-07 18:46:26.496109,16,-120,130560,65535
2022-10-07 18:46:26.547396,16,-112,130560,65535
2022-10-07 18:46:26.598657,16,-104,130560,65535
2022-10-07 18:46:26.649938,16,-96,130560,65535
2022-10-07 18:46:26.701295,16,-88,130560,65535
2022-10-07 18:46:26.753474,16,-80,130560,65535
2022-10-07 18:46:26.804797,16,-72,133120,65535
2022-10-07 18:46:26.856134,16,-64,199680,65535
2022-10-07 18:46:26.907595,16,-56,1090560,65535
2022-10-07 18:46:26.958953,16,-48,45706240,65535
2022-10-07 18:46:27.611276,16,-40,167769600,11053
2022-10-07 18:46:27.763042,16,-32,167769600,283
2022-10-07 18:46:27.914750,16,-24,167769600,6
2022-10-07 18:46:28.567099,16,-16,167769600,0
2022-10-07 18:46:28.567140,16,-8,167769600,0
2022-10-07 18:46:28.618538,16,127,130560,65535
2022-10-07 18:46:28.669803,16,120,133120,65535
2022-10-07 18:46:28.721158,16,112,133120,65535
2022-10-07 18:46:28.772472,16,104,133120,65535
2022-10-07 18:46:28.823747,16,96,133120,65535
2022-10-07 18:46:28.875201,16,88,133120,65535
2022-10-07 18:46:28.926513,16,80,133120,65535
2022-10-07 18:46:28.977819,16,72,135680,65535
2022-10-07 18:46:29.029145,16,64,209920,65535
2022-10-07 18:46:29.581242,16,56,680960,65535
2022-10-07 18:46:29.632687,16,48,31244800,65535
2022-10-07 18:46:29.784555,16,40,167769600,15192
2022-10-07 18:46:29.936246,16,32,167769600,276
2022-10-07 18:46:30.588521,16,24,167769600,0
2022-10-07 18:46:30.588558,16,16,167769600,0
2022-10-07 18:46:30.588574,16,8,167769600,0
2022-10-07 18:46:30.740256,16,0,167769600,0
2022-10-07 18:46:30.791560,24,-127,128000,65535
2022-10-07 18:46:30.842851,24,-120,130560,65535
2022-10-07 18:46:30.894167,24,-112,130560,65535
2022-10-07 18:46:30.945478,24,-104,130560,65535
2022-10-07 18:46:30.996746,24,-96,130560,65535
2022-10-07 18:46:31.048035,24,-88,130560,65535
2022-10-07 18:46:31.599978,24,-80,130560,65535
2022-10-07 18:46:31.651321,24,-72,133120,65535
2022-10-07 18:46:31.702613,24,-64,222720,65535
2022-10-07 18:46:31.753982,24,-56,2316800,65535
2022-10-07 18:46:31.905699,24,-48,112289280,65535
2022-10-07 18:46:32.057399,24,-40,167769600,3378
2022-10-07 18:46:32.709608,24,-32,167769600,99
2022-10-07 18:46:32.861301,24,-24,167769600,9
2022-10-07 18:46:33.013141,24,-16,167769600,0
2022-10-07 18:46:33.013182,24,-8,167769600,0
2022-10-07 18:46:33.064505,24,127,130560,65535
2022-10-07 18:46:33.616493,24,120,133120,65535
2022-10-07 18:46:33.667789,24,112,133120,65535
2022-10-07 18:46:33.719151,24,104,133120,65535
2022-10-07 18:46:33.770570,24,96,133120,65535
2022-10-07 18:46:33.821851,24,88,133120,65535
2022-10-07 18:46:33.873199,24,80,133120,65535
2022-10-07 18:46:33.924493,24,72,138240,65535
2022-10-07 18:46:33.975867,24,64,212480,65535
2022-10-07 18:46:34.027201,24,56,829440,65535
2022-10-07 18:46:34.679716,24,48,73405440,65535
2022-10-07 18:46:34.831427,24,40,167769600,5056
2022-10-07 18:46:34.983112,24,32,167769600,45
2022-10-07 18:46:35.134755,24,24,167769600,0
2022-10-07 18:46:35.134791,24,16,167769600,0
2022-10-07 18:46:35.134808,24,8,167769600,0
2022-10-07 18:46:35.787138,24,0,167769600,0
2022-10-07 18:46:35.838454,32,-127,128000,65535
2022-10-07 18:46:35.889761,32,-120,130560,65535
2022-10-07 18:46:35.941148,32,-112,130560,65535
2022-10-07 18:46:35.992418,32,-104,130560,65535
2022-10-07 18:46:36.043714,32,-96,130560,65535
2022-10-07 18:46:36.095029,32,-88,130560,65535
2022-10-07 18:46:36.146414,32,-80,130560,65535
2022-10-07 18:46:36.698392,32,-72,133120,65535
2022-10-07 18:46:36.749663,32,-64,207360,65535
2022-10-07 18:46:36.800993,32,-56,2465280,65535
2022-10-07 18:46:36.952749,32,-48,65607680,65535
2022-10-07 18:46:37.104442,32,-40,167769600,6863
2022-10-07 18:46:37.756945,32,-32,167769600,231
2022-10-07 18:46:37.908732,32,-24,167769600,12
2022-10-07 18:46:38.060433,32,-16,167769600,0
2022-10-07 18:46:38.060469,32,-8,167769600,0
2022-10-07 18:46:38.111810,32,127,130560,65535
2022-10-07 18:46:38.163292,32,120,133120,65535
2022-10-07 18:46:38.214706,32,112,133120,65535
2022-10-07 18:46:38.766621,32,104,133120,65535
2022-10-07 18:46:38.817944,32,96,133120,65535
2022-10-07 18:46:38.869291,32,88,133120,65535
2022-10-07 18:46:38.920581,32,80,133120,65535
2022-10-07 18:46:38.971926,32,72,138240,65535
2022-10-07 18:46:39.023317,32,64,222720,65535
2022-10-07 18:46:39.074587,32,56,1062400,65535
2022-10-07 18:46:39.126030,32,48,58001920,65535
2022-10-07 18:46:39.778342,32,40,167769600,5409
2022-10-07 18:46:39.929928,32,32,167769600,114
2022-10-07 18:46:40.081676,32,24,167769600,1
2022-10-07 18:46:40.233368,32,16,167769600,0
2022-10-07 18:46:40.233404,32,8,167769600,0
2022-10-07 18:46:40.885724,32,0,167769600,0
2022-10-07 18:46:40.937022,40,-127,128000,65535
2022-10-07 18:46:40.988385,40,-120,130560,65535
2022-10-07 18:46:41.039661,40,-112,130560,65535
2022-10-07 18:46:41.091002,40,-104,130560,65535
2022-10-07 18:46:41.142491,40,-96,130560,65535
2022-10-07 18:46:41.193762,40,-88,130560,65535
2022-10-07 18:46:41.245148,40,-80,130560,65535
2022-10-07 18:46:41.798101,40,-72,133120,65535
2022-10-07 18:46:41.849578,40,-64,194560,65535
2022-10-07 18:46:41.900924,40,-56,1610240,65535
2022-10-07 18:46:41.952263,40,-48,21125120,65535
2022-10-07 18:46:42.104007,40,-40,167769600,57879
2022-10-07 18:46:42.255753,40,-32,167769600,2991
2022-10-07 18:46:42.908096,40,-24,167769600,232
2022-10-07 18:46:43.059735,40,-16,167769600,39
2022-10-07 18:46:43.211390,40,-8,167769600,0
2022-10-07 18:46:43.262755,40,127,130560,65535
2022-10-07 18:46:43.814827,40,120,133120,65535
2022-10-07 18:46:43.866311,40,112,133120,65535
2022-10-07 18:46:43.917672,40,104,133120,65535
2022-10-07 18:46:43.968983,40,96,133120,65535
2022-10-07 18:46:44.020296,40,88,133120,65535
2022-10-07 18:46:44.071616,40,80,133120,65535
2022-10-07 18:46:44.122937,40,72,138240,65535
2022-10-07 18:46:44.174354,40,64,204800,65535
2022-10-07 18:46:44.225720,40,56,801280,65535
2022-10-07 18:46:44.276999,40,48,19880960,65535
2022-10-07 18:46:44.929481,40,40,167769600,43092
2022-10-07 18:46:45.081133,40,32,167769600,1714
2022-10-07 18:46:45.232867,40,24,167769600,45
2022-10-07 18:46:45.885220,40,16,167769600,1
2022-10-07 18:46:46.036839,40,8,167769600,0
2022-10-07 18:46:46.188477,40,0,167769600,1
2022-10-07 18:46:46.239769,48,-127,128000,65535
2022-10-07 18:46:46.291053,48,-120,130560,65535
2022-10-07 18:46:46.342370,48,-112,130560,65535
2022-10-07 18:46:46.894351,48,-104,130560,65535
2022-10-07 18:46:46.945617,48,-96,130560,65535
2022-10-07 18:46:46.996936,48,-88,130560,65535
2022-10-07 18:46:47.048306,48,-80,130560,65535
2022-10-07 18:46:47.099629,48,-72,133120,65535
2022-10-07 18:46:47.150887,48,-64,189440,65535
2022-10-07 18:46:47.202031,48,-56,811520,65535
2022-10-07 18:46:47.253206,48,-48,5544960,65535
2022-10-07 18:46:47.304248,48,-40,37542400,65535
2022-10-07 18:46:47.956449,48,-32,167769600,30342
2022-10-07 18:46:48.108116,48,-24,167769600,3654
2022-10-07 18:46:48.259944,48,-16,167769600,239
2022-10-07 18:46:48.411814,48,-8,167769600,5
2022-10-07 18:46:48.963900,48,127,130560,65535
2022-10-07 18:46:49.015366,48,120,133120,65535
2022-10-07 18:46:49.066680,48,112,133120,65535
2022-10-07 18:46:49.117985,48,104,133120,65535
2022-10-07 18:46:49.169457,48,96,133120,65535
2022-10-07 18:46:49.220736,48,88,133120,65535
2022-10-07 18:46:49.272165,48,80,133120,65535
2022-10-07 18:46:49.323497,48,72,140800,65535
2022-10-07 18:46:49.374789,48,64,204800,65535
2022-10-07 18:46:49.426101,48,56,650240,65535
2022-10-07 18:46:49.978045,48,48,6095360,65535
2022-10-07 18:46:50.029376,48,40,54108160,65535
2022-10-07 18:46:50.181028,48,32,167769600,19715
2022-10-07 18:46:50.332715,48,24,167769600,777
2022-10-07 18:46:50.984982,48,16,167769600,28
2022-10-07 18:46:51.136654,48,8,167769600,0
2022-10-07 18:46:51.288330,48,0,167769600,0
2022-10-07 18:46:51.339666,56,-127,128000,65535
2022-10-07 18:46:51.390987,56,-120,130560,65535
2022-10-07 18:46:51.442445,56,-112,130560,65535
2022-10-07 18:46:51.994561,56,-104,130560,65535
2022-10-07 18:46:52.045852,56,-96,130560,65535
2022-10-07 18:46:52.097278,56,-88,130560,65535
2022-10-07 18:46:52.148579,56,-80,130560,65535
2022-10-07 18:46:52.199996,56,-72,133120,65535
2022-10-07 18:46:52.251415,56,-64,184320,65535
2022-10-07 18:46:52.302794,56,-56,481280,65535
2022-10-07 18:46:52.354083,56,-48,1751040,65535
2022-10-07 18:46:52.405400,56,-40,10511360,65535
2022-10-07 18:46:53.057749,56,-32,63979520,65535
2022-10-07 18:46:53.209479,56,-24,167769600,27808
2022-10-07 18:46:53.361153,56,-16,167769600,2513
2022-10-07 18:46:53.512793,56,-8,167769600,171
2022-10-07 18:46:54.064734,56,127,130560,65535
2022-10-07 18:46:54.116092,56,120,133120,65535
2022-10-07 18:46:54.167611,56,112,133120,65535
2022-10-07 18:46:54.218926,56,104,133120,65535
2022-10-07 18:46:54.270306,56,96,133120,65535
2022-10-07 18:46:54.321607,56,88,133120,65535
2022-10-07 18:46:54.372937,56,80,133120,65535
2022-10-07 18:46:54.424279,56,72,140800,65535
2022-10-07 18:46:54.475555,56,64,189440,65535
2022-10-07 18:46:54.526877,56,56,458240,65535
2022-10-07 18:46:55.078805,56,48,1909760,65535
2022-10-07 18:46:55.130179,56,40,11801600,65535
2022-10-07 18:46:55.281874,56,32,87467520,65535
2022-10-07 18:46:55.433512,56,24,167769600,10871
2022-10-07 18:46:56.085755,56,16,167769600,610
2022-10-07 18:46:56.237481,56,8,167769600,21
2022-10-07 18:46:56.389248,56,0,167769600,27
2022-10-07 18:46:56.440543,64,-127,128000,65535
2022-10-07 18:46:56.491919,64,-120,130560,65535
2022-10-07 18:46:56.543228,64,-112,130560,65535
2022-10-07 18:46:57.095252,64,-104,130560,65535
2022-10-07 18:46:57.146638,64,-96,130560,65535
2022-10-07 18:46:57.197990,64,-88,130560,65535
2022-10-07 18:46:57.249324,64,-80,130560,65535
2022-10-07 18:46:57.300689,64,-72,133120,65535
2022-10-07 18:46:57.352856,64,-64,176640,65535
2022-10-07 18:46:57.404273,64,-56,345600,65535
2022-10-07 18:46:57.455634,64,-48,734720,65535
2022-10-07 18:46:57.506985,64,-40,2954240,65535
2022-10-07 18:46:57.558309,64,-32,16430080,65535
2022-10-07 18:46:58.210670,64,-24,69908480,65535
2022-10-07 18:46:58.362331,64,-16,167769600,22734
2022-10-07 18:46:58.514166,64,-8,167769600,2285
2022-10-07 18:46:58.565550,64,127,130560,65535
2022-10-07 18:46:59.117523,64,120,133120,65535
2022-10-07 18:46:59.168961,64,112,133120,65535
2022-10-07 18:46:59.220384,64,104,133120,65535
2022-10-07 18:46:59.271676,64,96,133120,65535
2022-10-07 18:46:59.322967,64,88,133120,65535
2022-10-07 18:46:59.374287,64,80,133120,65535
2022-10-07 18:46:59.425569,64,72,140800,65535
2022-10-07 18:46:59.477081,64,64,184320,65535
2022-10-07 18:46:59.528387,64,56,343040,65535
2022-10-07 18:46:59.579708,64,48,862720,65535
2022-10-07 18:47:00.131738,64,40,3289600,65535
2022-10-07 18:47:00.183101,64,32,20677120,65535
2022-10-07 18:47:00.334713,64,24,131776000,65535
2022-10-07 18:47:00.486376,64,16,167769600,7515
2022-10-07 18:47:01.138628,64,8,167769600,398
2022-10-07 18:47:01.290298,64,0,167769600,205
2022-10-07 18:47:01.341630,72,-127,128000,65535
2022-10-07 18:47:01.392960,72,-120,130560,65535
2022-10-07 18:47:01.444280,72,-112,130560,65535
2022-10-07 18:47:01.495553,72,-104,130560,65535
2022-10-07 18:47:01.546833,72,-96,130560,65535
2022-10-07 18:47:01.598225,72,-88,130560,65535
2022-10-07 18:47:02.150385,72,-80,130560,65535
2022-10-07 18:47:02.201657,72,-72,133120,65535
2022-10-07 18:47:02.252954,72,-64,181760,65535
2022-10-07 18:47:02.304277,72,-56,289280,65535
2022-10-07 18:47:02.355551,72,-48,419840,65535
2022-10-07 18:47:02.406856,72,-40,1021440,65535
2022-10-07 18:47:02.458242,72,-32,4513280,65535
2022-10-07 18:47:02.509661,72,-24,16650240,65535
2022-10-07 18:47:03.162005,72,-16,78261760,65535
2022-10-07 18:47:03.313865,72,-8,167769600,18066
2022-10-07 18:47:03.365227,72,127,130560,65535
2022-10-07 18:47:03.416547,72,120,133120,65535
2022-10-07 18:47:03.467830,72,112,133120,65535
2022-10-07 18:47:03.519171,72,104,133120,65535
2022-10-07 18:47:03.570441,72,96,133120,65535
2022-10-07 18:47:03.621796,72,88,133120,65535
2022-10-07 18:47:04.173695,72,80,133120,65535
2022-10-07 18:47:04.225088,72,72,138240,65535
2022-10-07 18:47:04.276372,72,64,184320,65535
2022-10-07 18:47:04.327767,72,56,289280,65535
2022-10-07 18:47:04.379050,72,48,473600,65535
2022-10-07 18:47:04.430400,72,40,1223680,65535
2022-10-07 18:47:04.481816,72,32,5219840,65535
2022-10-07 18:47:04.533199,72,24,28078080,65535
2022-10-07 18:47:05.185462,72,16,167769600,56799
2022-10-07 18:47:05.337162,72,8,167769600,3864
2022-10-07 18:47:05.488769,72,0,167769600,1622
2022-10-07 18:47:05.540082,80,-127,128000,65535
2022-10-07 18:47:05.591402,80,-120,130560,65535
2022-10-07 18:47:05.642675,80,-112,130560,65535
2022-10-07 18:47:06.194585,80,-104,130560,65535
2022-10-07 18:47:06.246007,80,-96,130560,65535
2022-10-07 18:47:06.297499,80,-88,130560,65535
2022-10-07 18:47:06.348760,80,-80,130560,65535
2022-10-07 18:47:06.400111,80,-72,133120,65535
2022-10-07 18:47:06.451504,80,-64,176640,65535
2022-10-07 18:47:06.502882,80,-56,271360,65535
2022-10-07 18:47:06.554219,80,-48,312320,65535
2022-10-07 18:47:06.605553,80,-40,504320,65535
2022-10-07 18:47:06.657042,80,-32,1349120,65535
2022-10-07 18:47:07.209038,80,-24,4620800,65535
2022-10-07 18:47:07.260399,80,-16,19197440,65535
2022-10-07 18:47:07.412003,80,-8,112768000,65535
2022-10-07 18:47:07.463328,80,127,133120,65535
2022-10-07 18:47:07.514670,80,120,133120,65535
2022-10-07 18:47:07.565963,80,112,133120,65535
2022-10-07 18:47:07.617287,80,104,133120,65535
2022-10-07 18:47:07.668543,80,96,133120,65535
2022-10-07 18:47:08.220494,80,88,133120,65535
2022-10-07 18:47:08.271939,80,80,133120,65535
2022-10-07 18:47:08.323260,80,72,138240,65535
2022-10-07 18:47:08.374537,80,64,181760,65535
2022-10-07 18:47:08.425833,80,56,266240,65535
2022-10-07 18:47:08.477154,80,48,335360,65535
2022-10-07 18:47:08.528500,80,40,588800,65535
2022-10-07 18:47:08.579790,80,32,1676800,65535
2022-10-07 18:47:08.631013,80,24,7270400,65535
2022-10-07 18:47:08.682138,80,16,36979200,65535
2022-10-07 18:47:09.334189,80,8,167769600,36044
2022-10-07 18:47:09.485879,80,0,167769600,17208
2022-10-07 18:47:09.537198,88,-127,128000,65535
2022-10-07 18:47:09.588471,88,-120,130560,65535
2022-10-07 18:47:09.639831,88,-112,130560,65535
2022-10-07 18:47:09.691150,88,-104,130560,65535
2022-10-07 18:47:10.243251,88,-96,130560,65535
2022-10-07 18:47:10.294526,88,-88,130560,65535
2022-10-07 18:47:10.345843,88,-80,130560,65535
2022-10-07 18:47:10.397173,88,-72,133120,65535
2022-10-07 18:47:10.448544,88,-64,181760,65535
2022-10-07 18:47:10.500840,88,-56,266240,65535
2022-10-07 18:47:10.552226,88,-48,276480,65535
2022-10-07 18:47:10.603505,88,-40,353280,65535
2022-10-07 18:47:10.654775,88,-32,622080,65535
2022-10-07 18:47:10.706223,88,-24,1446400,65535
2022-10-07 18:47:11.258156,88,-16,5342720,65535
2022-10-07 18:47:11.309440,88,-8,24729600,65535
2022-10-07 18:47:11.360857,88,127,130560,65535
2022-10-07 18:47:11.412340,88,120,133120,65535
2022-10-07 18:47:11.463708,88,112,133120,65535
2022-10-07 18:47:11.514988,88,104,133120,65535
2022-10-07 18:47:11.566390,88,96,133120,65535
2022-10-07 18:47:11.617769,88,88,133120,65535
2022-10-07 18:47:11.669049,88,80,133120,65535
2022-10-07 18:47:11.720477,88,72,138240,65535
2022-10-07 18:47:12.272457,88,64,181760,65535
2022-10-07 18:47:12.323731,88,56,258560,65535
2022-10-07 18:47:12.375009,88,48,286720,65535
2022-10-07 18:47:12.426351,88,40,378880,65535
2022-10-07 18:47:12.477601,88,32,719360,65535
2022-10-07 18:47:12.528887,88,24,2268160,65535
2022-10-07 18:47:12.580208,88,16,9994240,65535
2022-10-07 18:47:12.631484,88,8,53488640,65535
2022-10-07 18:47:13.283729,88,0,94707200,65535
2022-10-07 18:47:13.335026,96,-127,130560,65535
2022-10-07 18:47:13.386336,96,-120,130560,65535
2022-10-07 18:47:13.437585,96,-112,130560,65535
2022-10-07 18:47:13.488866,96,-104,130560,65535
2022-10-07 18:47:13.540235,96,-96,130560,65535
2022-10-07 18:47:13.591529,96,-88,130560,65535
2022-10-07 18:47:13.642807,96,-80,130560,65535
2022-10-07 18:47:13.694136,96,-72,133120,65535
2022-10-07 18:47:13.745420,96,-64,184320,65535
2022-10-07 18:47:14.297386,96,-56,261120,65535
2022-10-07 18:47:14.348665,96,-48,266240,65535
2022-10-07 18:47:14.399952,96,-40,284160,65535
2022-10-07 18:47:14.451362,96,-32,378880,65535
2022-10-07 18:47:14.502638,96,-24,606720,65535
2022-10-07 18:47:14.553933,96,-16,1576960,65535
2022-10-07 18:47:14.605279,96,-8,6269440,65535
2022-10-07 18:47:14.656633,96,127,133120,65535
2022-10-07 18:47:14.707976,96,120,133120,65535
2022-10-07 18:47:14.759293,96,112,133120,65535
2022-10-07 18:47:15.311254,96,104,133120,65535
2022-10-07 18:47:15.362551,96,96,133120,65535
2022-10-07 18:47:15.413919,96,88,133120,65535
2022-10-07 18:47:15.465263,96,80,133120,65535
2022-10-07 18:47:15.516554,96,72,138240,65535
2022-10-07 18:47:15.567893,96,64,184320,65535
2022-10-07 18:47:15.619241,96,56,256000,65535
2022-10-07 18:47:15.670553,96,48,268800,65535
2022-10-07 18:47:15.721897,96,40,294400,65535
2022-10-07 18:47:15.773286,96,32,417280,65535
2022-10-07 18:47:16.325313,96,24,834560,65535
2022-10-07 18:47:16.376717,96,16,2677760,65535
2022-10-07 18:47:16.427996,96,8,12001280,65535
2022-10-07 18:47:16.479441,96,0,20490240,65535
2022-10-07 18:47:16.530764,104,-127,128000,65535
2022-10-07 18:47:16.582052,104,-120,130560,65535
2022-10-07 18:47:16.633389,104,-112,130560,65535
2022-10-07 18:47:16.684675,104,-104,130560,65535
2022-10-07 18:47:16.735964,104,-96,130560,65535
2022-10-07 18:47:16.787350,104,-88,130560,65535
2022-10-07 18:47:17.339310,104,-80,130560,65535
2022-10-07 18:47:17.390578,104,-72,133120,65535
2022-10-07 18:47:17.441910,104,-64,181760,65535
2022-10-07 18:47:17.493233,104,-56,263680,65535
2022-10-07 18:47:17.544502,104,-48,261120,65535
2022-10-07 18:47:17.595783,104,-40,268800,65535
2022-10-07 18:47:17.647217,104,-32,299520,65535
2022-10-07 18:47:17.698550,104,-24,381440,65535
2022-10-07 18:47:17.749837,104,-16,668160,65535
2022-10-07 18:47:17.801367,104,-8,1802240,65535
2022-10-07 18:47:18.353436,104,127,133120,65535
2022-10-07 18:47:18.404706,104,120,133120,65535
2022-10-07 18:47:18.456001,104,112,133120,65535
2022-10-07 18:47:18.507383,104,104,133120,65535
2022-10-07 18:47:18.558801,104,96,133120,65535
2022-10-07 18:47:18.610112,104,88,133120,65535
2022-10-07 18:47:18.661396,104,80,133120,65535
2022-10-07 18:47:18.712671,104,72,138240,65535
2022-10-07 18:47:18.763954,104,64,184320,65535
2022-10-07 18:47:18.815272,104,56,256000,65535
2022-10-07 18:47:19.367281,104,48,261120,65535
2022-10-07 18:47:19.418626,104,40,273920,65535
2022-10-07 18:47:19.469930,104,32,309760,65535
2022-10-07 18:47:19.521357,104,24,455680,65535
2022-10-07 18:47:19.572671,104,16,1006080,65535
2022-10-07 18:47:19.623976,104,8,3343360,65535
2022-10-07 18:47:19.675290,104,0,4979200,65535
2022-10-07 18:47:19.726537,112,-127,128000,65535
2022-10-07 18:47:19.777837,112,-120,130560,65535
2022-10-07 18:47:19.829206,112,-112,130560,65535
2022-10-07 18:47:20.381287,112,-104,130560,65535
2022-10-07 18:47:20.432592,112,-96,130560,65535
2022-10-07 18:47:20.483937,112,-88,130560,65535
2022-10-07 18:47:20.535376,112,-80,130560,65535
2022-10-07 18:47:20.586645,112,-72,133120,65535
2022-10-07 18:47:20.637946,112,-64,181760,65535
2022-10-07 18:47:20.689377,112,-56,258560,65535
2022-10-07 18:47:20.741466,112,-48,263680,65535
2022-10-07 18:47:20.792762,112,-40,263680,65535
2022-10-07 18:47:20.844178,112,-32,268800,65535
2022-10-07 18:47:21.396101,112,-24,294400,65535
2022-10-07 18:47:21.447395,112,-16,391680,65535
2022-10-07 18:47:21.498659,112,-8,719360,65535
2022-10-07 18:47:21.550369,112,127,130560,65535
2022-10-07 18:47:21.601644,112,120,133120,65535
2022-10-07 18:47:21.652958,112,112,133120,65535
2022-10-07 18:47:21.704299,112,104,133120,65535
2022-10-07 18:47:21.755558,112,96,133120,65535
2022-10-07 18:47:21.806848,112,88,133120,65535
2022-10-07 18:47:21.858168,112,80,133120,65535
2022-10-07 18:47:22.410192,112,72,138240,65535
2022-10-07 18:47:22.461476,112,64,181760,65535
2022-10-07 18:47:22.512750,112,56,256000,65535
2022-10-07 18:47:22.564106,112,48,261120,65535
2022-10-07 18:47:22.615397,112,40,263680,65535
2022-10-07 18:47:22.666664,112,32,276480,65535
2022-10-07 18:47:22.717958,112,24,322560,65535
2022-10-07 18:47:22.769281,112,16,499200,65535
2022-10-07 18:47:22.820567,112,8,1177600,65535
2022-10-07 18:47:22.871858,112,0,1484800,65535
2022-10-07 18:47:23.423922,120,-127,130560,65535
2022-10-07 18:47:23.475417,120,-120,130560,65535
2022-10-07 18:47:23.526748,120,-112,130560,65535
2022-10-07 18:47:23.578045,120,-104,130560,65535
2022-10-07 18:47:23.629376,120,-96,130560,65535
2022-10-07 18:47:23.680796,120,-88,130560,65535
2022-10-07 18:47:23.732101,120,-80,130560,65535
2022-10-07 18:47:23.783397,120,-72,133120,65535
2022-10-07 18:47:23.834660,120,-64,184320,65535
2022-10-07 18:47:23.886131,120,-56,261120,65535
2022-10-07 18:47:24.438207,120,-48,261120,65535
2022-10-07 18:47:24.489496,120,-40,263680,65535
2022-10-07 18:47:24.540760,120,-32,263680,65535
2022-10-07 18:47:24.592044,120,-24,273920,65535
2022-10-07 18:47:24.643356,120,-16,304640,65535
2022-10-07 18:47:24.694637,120,-8,399360,65535
2022-10-07 18:47:24.745955,120,127,130560,65535
2022-10-07 18:47:24.797273,120,120,133120,65535
2022-10-07 18:47:24.848534,120,112,133120,65535
2022-10-07 18:47:24.899962,120,104,133120,65535
2022-10-07 18:47:25.451865,120,96,133120,65535
2022-10-07 18:47:25.503310,120,88,133120,65535
2022-10-07 18:47:25.554554,120,80,133120,65535
2022-10-07 18:47:25.605841,120,72,138240,65535
2022-10-07 18:47:25.657146,120,64,184320,65535
2022-10-07 18:47:25.708419,120,56,253440,65535
2022-10-07 18:47:25.759833,120,48,258560,65535
2022-10-07 18:47:25.811288,120,40,263680,65535
2022-10-07 18:47:25.862389,120,32,266240,65535
2022-10-07 18:47:25.913567,120,24,284160,65535
2022-10-07 18:47:26.465438,120,16,327680,65535
2022-10-07 18:47:26.516802,120,8,481280,65535
2022-10-07 18:47:26.568395,120,0,542720,65535
2022-10-07 18:47:26.619682,128,-127,130560,65535
2022-10-07 18:47:26.670971,128,-120,130560,65535
2022-10-07 18:47:26.722292,128,-112,130560,65535
2022-10-07 18:47:26.773702,128,-104,130560,65535
2022-10-07 18:47:26.825046,128,-96,130560,65535
2022-10-07 18:47:26.876422,128,-88,130560,65535
2022-10-07 18:47:26.927743,128,-80,130560,65535
2022-10-07 18:47:27.479692,128,-72,133120,65535
2022-10-07 18:47:27.531094,128,-64,186880,65535
2022-10-07 18:47:27.582403,128,-56,258560,65535
2022-10-07 18:47:27.633673,128,-48,261120,65535
2022-10-07 18:47:27.685094,128,-40,263680,65535
2022-10-07 18:47:27.736442,128,-32,261120,65535
2022-10-07 18:47:27.787721,128,-24,263680,65535
2022-10-07 18:47:27.839198,128,-16,268800,65535
2022-10-07 18:47:27.890545,128,-8,273920,65535
2022-10-07 18:47:27.941894,128,127,133120,65535
2022-10-07 18:47:28.493825,128,120,133120,65535
2022-10-07 18:47:28.545322,128,112,133120,65535
2022-10-07 18:47:28.596571,128,104,133120,65535
2022-10-07 18:47:28.647989,128,96,133120,65535
2022-10-07 18:47:28.699452,128,88,133120,65535
2022-10-07 18:47:28.750722,128,80,133120,65535
2022-10-07 18:47:28.802013,128,72,138240,65535
2022-10-07 18:47:28.853378,128,64,176640,65535
2022-10-07 18:47:28.904688,128,56,256000,65535
2022-10-07 18:47:28.956043,128,48,261120,65535
2022-10-07 18:47:29.508257,128,40,263680,65535
2022-10-07 18:47:29.559603,128,32,261120,65535
2022-10-07 18:47:29.611006,128,24,266240,65535
2022-10-07 18:47:29.662335,128,16,268800,65535
2022-10-07 18:47:29.713703,128,8,271360,65535
2022-10-07 18:47:29.764986,128,0,276480,65535
2022-10-07 18:47:30.618616,-24,8,335539200,126
2022-10-07 18:47:30.971015,-24,0,335539200,20
2022-10-07 18:47:31.623453,-16,-8,335539200,67
2022-10-07 18:47:31.975873,-16,8,335539200,24
2022-10-07 18:47:32.628480,-16,0,335539200,2
2022-10-07 18:47:32.980699,-8,-8,335539200,3
2022-10-07 18:47:33.632848,-8,16,335539200,47
2022-10-07 18:47:33.985413,-8,8,335539200,0
2022-10-07 18:47:34.637653,-8,0,335539200,0
2022-10-07 18:47:34.989979,0,-16,335539200,16
2022-10-07 18:47:35.642226,0,-8,335539200,1
2022-10-07 18:47:35.994520,0,16,335539200,2
2022-10-07 18:47:36.646895,0,8,335539200,0
2022-10-07 18:47:36.999401,0,0,335539200,0
2022-10-07 18:47:37.651760,8,-16,335539200,5
2022-10-07 18:47:38.004369,8,-8,335539200,0
2022-10-07 18:47:38.656638,8,24,335539200,43
2022-10-07 18:47:39.009149,8,16,335539200,0
2022-10-07 18:47:39.009191,8,8,335539200,0
2022-10-07 18:47:39.661408,8,0,335539200,0
2022-10-07 18:47:40.013714,16,-24,335539200,9
2022-10-07 18:47:40.666010,16,-16,335539200,0
2022-10-07 18:47:40.666048,16,-8,335539200,0
2022-10-07 18:47:41.018609,16,24,335539200,12
2022-10-07 18:47:41.671012,16,16,335539200,0
2022-10-07 18:47:41.671049,16,8,335539200,0
2022-10-07 18:47:42.023485,16,0,335539200,0
2022-10-07 18:47:42.675734,24,-24,335539200,5
2022-10-07 18:47:43.028130,24,-16,335539200,2
2022-10-07 18:47:43.680519,24,-8,335539200,0
2022-10-07 18:47:44.033031,24,32,335539200,139
2022-10-07 18:47:44.685319,24,24,335539200,0
2022-10-07 18:47:44.685383,24,16,335539200,0
2022-10-07 18:47:44.685401,24,8,335539200,0
2022-10-07 18:47:45.037882,24,0,335539200,0
2022-10-07 18:47:45.690280,32,-24,335539200,42
2022-10-07 18:47:46.042649,32,-16,335539200,4
2022-10-07 18:47:46.694850,32,-8,335539200,0
2022-10-07 18:47:47.047340,32,24,335539200,3
2022-10-07 18:47:47.699665,32,16,335539200,0
2022-10-07 18:47:47.699702,32,8,335539200,0
2022-10-07 18:47:48.052298,32,0,335539200,1
2022-10-07 18:47:48.704633,40,-16,335539200,30
2022-10-07 18:47:49.057217,40,-8,335539200,1
2022-10-07 18:47:49.709534,40,24,335539200,70
2022-10-07 18:47:50.061878,40,16,335539200,0
2022-10-07 18:47:50.061915,40,8,335539200,0
2022-10-07 18:47:50.714300,40,0,335539200,0
2022-10-07 18:47:51.066564,48,-8,335539200,4
2022-10-07 18:47:51.718783,48,16,335539200,23
2022-10-07 18:47:52.071160,48,8,335539200,0
2022-10-07 18:47:52.723464,48,0,335539200,2
2022-10-07 18:47:53.075895,56,8,335539200,19
2022-10-07 18:47:53.728220,56,0,335539200,5
2022-10-07 18:47:54.783095,-24,0,671078400,68
2022-10-07 18:47:55.836912,-16,8,671078400,22
2022-10-07 18:47:56.890690,-16,0,671078400,2
2022-10-07 18:47:57.944588,-8,-8,671078400,19
2022-10-07 18:47:58.998277,-8,16,671078400,129
2022-10-07 18:48:00.052169,-8,8,671078400,1
2022-10-07 18:48:01.105843,-8,0,671078400,0
2022-10-07 18:48:02.159553,0,-16,671078400,91
2022-10-07 18:48:03.213568,0,-8,671078400,0
2022-10-07 18:48:04.267550,0,16,671078400,7
2022-10-07 18:48:05.321277,0,8,671078400,0
2022-10-07 18:48:06.374894,0,0,671078400,0
2022-10-07 18:48:07.428608,8,-16,671078400,12
2022-10-07 18:48:08.482227,8,-8,671078400,0
2022-10-07 18:48:09.536126,8,24,671078400,67
2022-10-07 18:48:10.589797,8,16,671078400,0
2022-10-07 18:48:10.589835,8,8,671078400,0
2022-10-07 18:48:11.643487,8,0,671078400,0
2022-10-07 18:48:12.697087,16,-24,671078400,50
2022-10-07 18:48:13.750943,16,-16,671078400,1
2022-10-07 18:48:14.804673,16,-8,671078400,0
2022-10-07 18:48:15.858266,16,24,671078400,6
2022-10-07 18:48:16.912183,16,16,671078400,0
2022-10-07 18:48:16.912223,16,8,671078400,0
2022-10-07 18:48:17.965873,16,0,671078400,0
2022-10-07 18:48:19.019640,24,-24,671078400,10
2022-10-07 18:48:20.073671,24,-16,671078400,1
2022-10-07 18:48:21.127594,24,-8,671078400,0
2022-10-07 18:48:22.181596,24,24,671078400,1
2022-10-07 18:48:23.235347,24,16,671078400,0
2022-10-07 18:48:23.235388,24,8,671078400,0
2022-10-07 18:48:24.289183,24,0,671078400,0
2022-10-07 18:48:25.342876,32,-24,671078400,90
2022-10-07 18:48:26.396560,32,-16,671078400,4
2022-10-07 18:48:27.450404,32,-8,671078400,0
2022-10-07 18:48:28.504254,32,24,671078400,20
2022-10-07 18:48:29.558121,32,16,671078400,1
2022-10-07 18:48:30.611856,32,8,671078400,0
2022-10-07 18:48:31.665886,32,0,671078400,0
2022-10-07 18:48:32.719849,40,-16,671078400,94
2022-10-07 18:48:33.773814,40,-8,671078400,4
2022-10-07 18:48:34.827618,40,16,671078400,6
2022-10-07 18:48:35.881353,40,8,671078400,0
2022-10-07 18:48:36.935179,40,0,671078400,0
2022-10-07 18:48:37.988970,48,-8,671078400,53
2022-10-07 18:48:39.043052,48,16,671078400,201
2022-10-07 18:48:40.096863,48,8,671078400,1
2022-10-07 18:48:41.150700,48,0,671078400,1
2022-10-07 18:48:42.204368,56,8,671078400,98
2022-10-07 18:48:43.258189,56,0,671078400,29
